3160 4990
592 393 803 466 *19*

115 579 196 653 sunt,
226 573 304 650 quod
329 573 386 634 illis
414 572 544 632 Mosaios
571 578 616 633 est
641 573 702 651 lex,
731 569 834 647 οἵτινες
856 569 1050 638 ἐνδείκνυνται
1071 567 1106 638 τὸ
1129 569 1211 659 ἔργον
1232 572 1284 640 τοῦ

114 675 205 760 νόμου
228 673 376 760 (Moesici)
398 671 531 758 γραπτὸν
553 675 583 738 ἐν
604 681 673 750 ταῖς
694 674 832 760 καρδίαις
853 671 947 740 αὐτῶν
969 699 997 740 κ.
1020 699 1046 740 τ.
1062 678 1089 740 l.
1113 698 1141 738 ν.
1168 681 1207 744 14
1221 700 1245 740 s.
1258 676 1284 762 1)

114 786 196 843 Inest
216 781 304 856 igitur
326 780 384 855 legi
407 779 526 856 aliquid,
550 779 628 854 qnod
651 780 738 840 etiam
760 786 872 858 gentes,
895 786 1001 841 natura
1016 781 1141 859 quidem,
1164 782 1283 860 faciunt,

116 890 204 960 etque
218 884 250 943 id
262 884 355 960 ipsum
372 900 473 942 verum
489 878 570 964 ἔργον
584 878 685 964 νόμου,
701 883 822 943 Mosaici
837 883 960 962 scilicet,
978 889 1034 957 est;
1057 885 1130 945 nihil
1143 885 1223 946 aliud
1237 887 1285 946 lex

115 987 247 1047 Mosaica
276 1007 345 1046 vere
374 987 516 1063 postulat,
547 1003 631 1059 quam
661 987 739 1061 qnod
768 986 798 1046 in
829 987 965 1048 cordibus
991 988 1117 1049 omnium
1139 989 1285 1049 hominum

116 1090 285 1166 inscriptum
316 1094 361 1148 est
391 1096 421 1148 et
451 1089 496 1148 cui
525 1086 688 1170 συνείδησις
717 1108 816 1150 eornm
847 1096 1058 1174 συμμαρτυρεῖ.
1103 1092 1177 1152 Vide
1200 1109 1286 1166 quam

115 1194 203 1254 laude
234 1193 323 1268 digna
352 1194 444 1252 Paulo
475 1192 610 1252 videatur
638 1187 673 1253 τὸ
704 1188 786 1274 ἔργον
817 1194 867 1256 τοῦ
896 1190 996 1275 νόμου,
1028 1213 1087 1256 που
1116 1213 1186 1255 vero
1214 1190 1287 1277 ἔργα

115 1293 214 1378 νόμου.
264 1295 349 1367 Quod
378 1295 403 1354 si
432 1295 495 1370 quis
528 1297 584 1355 hoc
606 1314 705 1355 verum
728 1314 802 1370 opus
824 1296 897 1372 legis
919 1317 977 1357 non
1000 1298 1081 1375 lacit,
1106 1292 1287 1381 ἁμαρτωλός

117 1405 170 1460 est.
215 1400 324 1474 Legem
346 1398 503 1458 Mosaicam
535 1397 625 1478 igitur
646 1399 671 1458 is
693 1399 794 1474 implet
820 1399 862 1459 ita
883 1405 915 1459 nt
947 1394 1002 1483 τὴν
1024 1396 1210 1482 δικαιοσύνην
1231 1395 1288 1483 τὴν

118 1503 153 1566 ἐκ
180 1503 232 1565 τοῦ
261 1497 350 1584 νόμον
380 1503 488 1561 habeat
518 1504 601 1574 Rom,
628 1505 675 1581 10,
700 1503 732 1580 5,
757 1501 806 1576 qui
831 1498 862 1584 1)
892 1503 1007 1579 singule
1033 1505 1095 1581 ejus
1116 1508 1286 1582 praecepta,

119 1609 199 1668 velut
221 1605 480 1683 circumcisionem,
505 1607 656 1682 observat,
681 1600 713 1687 2)
736 1605 785 1679 qui
807 1625 872 1666 eam
894 1607 1053 1666 secundum
1068 1625 1183 1668 sensum
1205 1607 1286 1666 illum

118 1711 269 1771 sublimem
292 1716 320 1768 et
343 1727 522 1768 communem
543 1708 659 1783 implet;
672 1703 698 1789 ²)
721 1707 783 1767 fieri
804 1713 915 1786 potest,
938 1714 971 1768 ut
991 1709 1043 1768 illa
1065 1709 1170 1785 aliquis
1191 1711 1289 1770 obser·

117 1818 181 1890 vet,
208 1813 285 1871 hunc
311 1830 370 1872 non
397 1811 530 1888 impleat,
559 1812 607 1869 vel
633 1815 666 1869 ut
688 1830 724 1870 ex
746 1811 804 1870 illis
826 1811 883 1887 alia
906 1813 1055 1890 observet,
1080 1813 1137 1872 alia
1158 1832 1217 1873 non
1238 1815 1288 1873 ob-

117 1920 230 1995 servet3
260 1921 320 1973 tum
350 1934 385 1974 ea
414 1933 489 1989 quae
520 1915 673 1990 observat,
705 1913 777 1972 nihil
809 1913 836 1974 ei
873 1920 1008 1992 prosunt:
1039 1911 1222 1999 παραβάτης
1245 1920 1289 1975 est

118 2023 201 2080 Rom.
226 2021 254 2096 2,
279 2019 328 2079 25.
378 2018 486 2077 Contra
508 2015 532 2076 si
555 2017 618 2091 quis
641 2016 668 2076 ei
690 2017 849 2077 secundum
864 2037 980 2079 sensum
995 2019 1146 2079 sublimem
1161 2018 1290 2093 perfecte

118 2122 256 2182 oboedire
287 2126 400 2198 potest,
431 2119 482 2179 illa
510 2125 561 2179 aut
591 2116 713 2203 (si'sub
743 2120 808 2196 lege
838 2116 896 2204 est)
925 2124 1013 2199 plane
1036 2124 1175 2182 observat
1197 2117 1290 2204 (quod

119 2243 188 2284 num
204 2224 266 2283 fieri
281 2223 382 2300 possit,
400 2224 488 2298 paulo
503 2227 571 2298 post
586 2218 772 2304 disseremus)
785 2228 836 2284 aut
847 2220 926 2308 (lege
938 2221 1070 2308 sublata)
1082 2226 1166 2286 salve
1173 2224 1290 2302 justitia

37 2347 40 2354 ·
120 2345 220 2386 eorum
235 2326 439 2387 observatione
454 2326 593 2386 liberatus
609 2333 662 2386 est.
693 2328 857 2403 Praecepta
880 2329 955 2387 enim
978 2328 1029 2388 illa
1052 2329 1121 2388 data
1144 2333 1211 2388 sunt
1226 2346 1289 2388 sen·

120 2448 169 2491 sus
191 2430 269 2490 illius
284 2429 413 2490 sublimis
430 2447 526 2490 censa.
572 2426 611 2492 Ol
632 2424 688 2492 ὑπὸ
711 2425 800 2511 νόμον
822 2432 885 2492 Gal.
909 2433 938 2509 4,
962 2433 982 2490 4
1004 2433 1052 2490 vel
1075 2428 1102 2494 ol
1123 2426 1179 2495 ὑπὸ
1201 2426 1291 2513 νόμον

118 2531 261 2606 δίδοντες
283 2524 356 2596 εἶναι
378 2533 417 2593 ib.
441 2552 468 2592 v.
493 2535 531 2593 21
558 2539 695 2612 caveant,
719 2552 755 2593 ne
778 2533 835 2592 illis
858 2535 1020 2602 observatis
1036 2536 1113 2594 hunc
1128 2533 1289 2610 negligant.

119 2637 217 2708 Quare
241 2638 304 2698 Gal.
330 2639 357 2715 5,
382 2640 421 2698 23
445 2637 621 2699 enumeratis
645 2636 769 2713 Spiritus
791 2637 891 2696 Sancti
910 2637 1066 2715 fructibus,
1085 2639 1166 2696 velut
1181 2656 1290 2714 amore,

118 2759 204 2818 paee,
233 2741 311 2818 aliis,
342 2742 424 2800 addit
453 2743 615 2818 apostolus:
649 2735 734 2802 κατὰ
761 2740 818 2801 τῶν
848 2735 987 2803 τοιούτων
1016 2736 1069 2803 οὐκ
1091 2736 1169 2802 ἔστιν
1190 2735 1290 2822 νόμος,

120 2849 152 2901 ut
174 2848 269 2921 notet,
293 2843 369 2903 idem
391 2844 467 2903 velle
490 2844 585 2919 legem
600 2842 774 2920 Mosaicam‚
799 2844 876 2916 quod
902 2849 993 2918 agant
1020 2843 1170 2904 christiani
1185 2861 1292 2904 novam

120 2947 211 3006 vitam
232 2953 376 3022 gerentes.
420 2946 500 3006 Dicit
522 2946 610 3006 etiam
632 2945 778 3004 nonnullis
806 2945 891 3023 locis,
920 2965 938 3006 a
964 2945 1098 3006 fidelibus
1124 2941 1176 3009 τὸν
1203 2941 1292 3028 νόμον

119 3049 316 3133 πληρσῦσὶιαι,
341 3050 422 3108 velut
441 3049 505 3109 Gal.
524 3050 552 3126 5,
577 3050 628 3120 14;
650 3052 677 3127 6,
703 3050 738 3127 23
759 3054 845 3122 atque
865 3051 947 3110 Rom.
966 3051 993 3127 2,
1013 3051 1052 3109 26
1070 3050 1167 3127 ponit,
1189 3056 1293 3125 gentes

120 3148 161 3216 τὰ
176 3147 369 3234 δικαιώματα
383 3152 435 3214 τοῦ
450 3147 540 3233 νόμου
554 3152 596 3210 ita
611 3146 784 3235 φυλάσσειν,
802 3158 833 3212 ut
847 3152 1032 3229 praeputium
1047 3153 1081 3212 iis
1097 3172 1150 3228 pro
1174 3153 1292 3212 circnm-

121 3257 243 3334 cisione,
268 3261 362 3316 status
385 3254 458 3330 legis
480 3255 625 3314 Mosaicae
647 3255 813 3331 praeceptis
836 3256 958 3332 singulis
981 3255 1131 3333 oppositus
1146 3275 1199 3334 pro
1215 3259 1294 3316 statu

121 3360 180 3436 legi
208 3378 335 3435 congruo
361 3359 515 3418 habeatnr.
571 3359 643 3418 Sunt
665 3351 754 3434 igitur
775 3355 967 3442 beaurepaire
990 3359 1132 3434 quaedam
1165 3359 1195 3418 in
1227 3360 1293 3434 lege

120 3463 264 3541 Mosaica,
289 3462 392 3538 quibus
414 3461 577 3521 observatis
599 3466 661 3523 tota
684 3462 732 3521 lex
759 3457 945 3543 impletur;⁸)
978 3481 1052 3537 quae
1075 3462 1218 3536 quomodo
1244 3461 1293 3521 ob·

121 3567 233 3626 servari
262 3565 389 3644 possint,
421 3565 471 3624 illo
501 3566 565 3624 loco
597 3583 654 3625 non
685 3565 857 3641 explicatur.
911 3563 994 3637 Quae
1009 3584 1095 3650 ¹vero
1129 3565 1187 3624 sint
1219 3565 1294 3624 haec

122 3663 326 3750 δικαιώματα,
358 3668 543 3744 cognoscitur
570 3687 606 3728 ex
637 3667 702 3728 Gal.
727 3669 755 3744 5,
782 3670 833 3726 14:
864 3663 879 3730 ὁ
911 3663 968 3750 γὰρ
990 3664 1080 3750 νόμος
1102 3665 1132 3730 ἐν
1154 3662 1196 3730 ἑνί
1217 3662 1295 3750 λόγῳ

121 3767 328 3855 πεπλήρωται,
352 3771 382 3834 ἐν
396 3772 438 3853 τῷ
452 3765 632 3854 Ἀγαπήσεις
646 3766 697 3831 τὸν
712 3768 835 3852 πλησίον
850 3789 901 3834 σου
917 3765 955 3844 ὡς
970 3767 1090 3846 ἑαυτόν,
1108 3776 1195 3844 atque
1210 3772 1239 3847 6,
1257 3771 1293 3830 2:

216 3974 353 4045 ¹)Hemsen,
381 3974 432 4024 Der
458 3974 558 4039 Apostel
586 3973 689 4038 Paulus,
710 3972 789 4037 1830,
802 3992 829 4038 p.
850 3973 917 4026 425:
950 3972 1024 4025 Wenu
1050 3974 1089 4023 die
1117 3973 1225 4038 Heideu,
1254 3973 1292 4022 die

123 4061 176 4114 kes'u
196 4063 324 4128 positive)
347 4058 427 4110 Gneo
445 4060 518 4110 deden
535 4071 576 4114 etc.
600 4087 633 4097 —-
661 4057 685 4126 2)
703 4059 788 4109 Immer
805 4059 823 4111 l.
843 4076 865 4113 c.
883 4076 909 4128 p.
928 4059 988 4112 277:
1014 4077 1055 4125 „so
1073 4059 1137 4124 su'llt
1160 4059 1205 4109 idm
1224 4059 1291 4123 decl,

124 4167 187 4200 weun
213 4167 237 4198 es
263 4148 314 4198 siclt
337 4163 377 4198 um
404 4147 449 4196 deu
466 4146 549 4197 letale
575 4148 616 4196 dea
636 4145 741 4197 θανεῖται
759 4145 866 4209 bauddi,
885 4147 931 4196 dae
952 4144 1054 4196 Gewicdt
1071 4147 1122 4210 aus
1136 4145 1174 4195 die
1190 4145 1294 4195 sittls'else

125 4233 212 4288 Seium
229 4263 263 4274 —-
282 4231 303 4300 ³)
322 4233 407 4299 Bcur,
427 4231 532 4298 Paulus,
551 4233 587 4297 II,
603 4251 629 4298 p.
649 4231 712 4284 176:
739 4232 852 4296 „welches
870 4229 986 4283 Wundeln
999 4232 1059 4282 need
1072 4232 1123 4281 dem
1139 4229 1216 4282 Genea
1228 4249 1294 4281 auur

125 4317 178 4370 bein
204 4321 316 4390 ἐμμένειν
343 4319 367 4374 ἐν
399 4322 461 4374 πᾶσι
487 4326 538 4382 τοῖς
570 4322 749 4388 γεγραμμένοις
768 4359 773 4371 ,
794 4361 799 4371 .
818 4320 861 4382 iat,
880 4357 905 4372 ..
923 4321 980 4370 ader
998 4337 1029 4368 as
1048 4317 1120 4368 Stella
1138 4318 1214 4367 dames·
1231 4318 1293 4368 blase

124 4409 291 4472 quamdudum
312 4406 540 4472 Geaetzeseusdlluuy
558 4407 588 4456 ist
606 4407 643 4456 die
661 4405 798 4470 qualitative
813 4409 932 4469 petreten“
950 4417 990 4458 etc.

1058 4491 1091 4544 ,.
