3160 4990
628 355 835 416 ...53...

137 523 262 607 Ἰησοῦν,
279 531 312 584 ut
321 531 470 600 appareat,
485 525 641 588 πιστεῦσαι
657 542 719 584 essa
734 528 827 584 ποιεῖν
842 519 983 596 quoddam
999 521 1059 578 sive
1071 520 1213 580 actionem
1225 517 1314 577 homi-

142 631 198 702 nis,
230 628 310 686 illam
332 631 444 688 scilieet
466 630 653 701 singularem,
684 644 739 700 qua
768 626 830 683 sola
860 625 944 683 homo
967 623 1104 704 archiaco
1125 623 1226 696 possit.
1270 621 1315 680 Ex

144 732 248 791 eodem
262 749 346 790 versu
361 737 447 807 atque
464 749 499 790 ex
518 731 564 805 17,
589 731 607 790 7
631 735 766 804 apparet,
788 729 908 787 Paulum
930 727 979 786 illo
994 731 1122 800 tempore
1139 725 1175 784 de
1190 741 1316 800 persona

141 835 212 894 Jesu
235 835 311 893 omni
333 837 362 892 vi
383 835 612 911 praedicavisse,
634 851 691 892 non
715 832 749 891 de
771 832 850 890 inani
874 830 919 890 vel
934 831 1064 904 generali
1079 830 1174 904 aliqua
1188 829 1315 904 philoso-

140 939 228 1011 phica
249 938 317 998 fidei
339 939 468 1016 notione,
492 938 527 1000 cf.
551 955 618 1012 pag.
643 941 660 996 6
684 956 706 998 s.

229 1041 275 1100 Ex
297 1042 332 1099 iis
354 1057 436 1113 raro,
467 1057 540 1114 quae
563 1040 707 1114 apostolus
730 1038 950 1098 Atheniensibus
972 1036 1149 1110 praedicavit
1170 1036 1201 1093 in
1222 1034 1316 1096 Arco-

142 1161 217 1223 pago
235 1143 282 1217 17,
306 1145 459 1217 22-31,
483 1144 622 1216 videmus,
645 1143 768 1201 Paulum
790 1141 944 1214 gentilibus
965 1140 1158 1212 cognitionem
1174 1138 1316 1213 quandam

141 1248 304 1306 naturalem
344 1248 472 1306 ventatm
513 1246 638 1306 tribuere
674 1243 723 1320 (ci.
749 1261 813 1317 pag.
843 1246 874 1318 8)
908 1248 994 1317 atque
1023 1243 1060 1302 ad
1092 1259 1155 1300 eam
1187 1259 1218 1300 sa
1249 1257 1316 1299 con-

141 1355 256 1410 vertere
274 1349 506 1423 praedicantem,
529 1366 592 1407 eam
614 1365 683 1407 vero
705 1347 897 1421 cognitionem
919 1351 1029 1444 multum
1052 1347 1078 1403 ei
1101 1345 1193 1404 videri
1215 1343 1317 1404 abesse

141 1471 160 1512 a
185 1453 273 1528 plena
299 1454 435 1528 veritate,
465 1458 497 1510 nt
524 1453 686 1524 ignorantia
712 1453 750 1508 sit
771 1470 796 1511 v.
820 1453 859 1508 30
887 1455 973 1524 atque
1000 1453 1136 1522 oporteat
1164 1450 1317 1507 veritatem

140 1558 197 1615 illis
212 1555 383 1629 praedicari.
429 1555 654 1614 Praedicationis
677 1559 771 1612 autern
795 1570 904 1612 summa
925 1553 998 1612 haec
1020 1553 1080 1610 fere
1104 1556 1162 1611 est:
1188 1552 1217 1626 1)
1239 1538 1317 1610 Deus

142 1660 218 1734 vult,
248 1674 346 1717 omnes
375 1656 504 1715 homines
534 1657 639 1729 ubique
669 1661 823 1737 μετανοεῖν
853 1674 879 1715 v.
910 1657 959 1720 30.
1012 1658 1043 1730 2)
1073 1656 1153 1714 Deus
1179 1654 1318 1726 jndicinnr

141 1761 263 1820 habehit
294 1760 330 1819 de
361 1760 465 1819 mundo
494 1761 524 1817 in
555 1756 611 1840 (ἐν)
645 1777 693 1831 00,
729 1762 777 1835 qui
812 1759 970 1819 resurrexit
1005 1776 1020 1818 e
1054 1759 1174 1817 mortuis
1210 1775 1236 1817 ν.
1268 1758 1317 1815 31.

146 1864 179 1940 3)
201 1864 234 1920 ln
257 1862 359 1921 eodem
373 1863 452 1922 Deus
476 1859 638 1924 astatoria
660 1857 831 1945 παρασχών.
872 1864 972 1934 Itaque
994 1861 1071 1920 idem
1093 1859 1154 1920 iero
1176 1859 1317 1934 siguifica-

146 1973 192 2024 tur
213 1966 308 2024 verbis
332 1959 346 2026 ὁ
372 1959 447 2036 heda
468 1963 668 2046 παραγγέλλει
691 1971 847 2047 μετανοεῖν
869 1971 955 2041 atque
977 1965 1073 2025 verbis
1101 1960 1198 2025 πίστιν
1223 1983 1320 2044 παρα-

143 2063 234 2148 σχώνε
267 2065 367 2140 πίστις
382 2085 444 2126 cunr
462 2073 616 2149 μετανοεῖν
638 2070 732 2143 aliquo
755 2071 839 2130 modo
859 2070 1010 2141 coujnncta
1032 2073 1084 2126 est.
1128 2066 1228 2126 Fidem
1249 2083 1319 2125 vero

141 2171 220 2230 Deus
243 2169 393 2252 παρέσχεν
416 2176 465 2230 aut
488 2176 622 2244 tauquam
647 2173 750 2231 donum
773 2191 836 2232 eam
858 2172 1014 2246 praebens,
1041 2187 1127 2245 quum
1155 2174 1184 2228 et
1204 2169 1320 2242 objecta

143 2281 172 2334 et
196 2275 411 2334 fundamentum
434 2292 504 2348 opus
529 2269 640 2335 Christi
661 2275 795 2350 viresque
816 2276 885 2336 fidei
907 2277 969 2348 ipse
997 2274 1159 2345 donaverit,
1187 2277 1236 2332 aut
1257 2278 1321 2332 tan·

142 2395 233 2452 quam
255 2377 451 2436 condicionem
473 2377 557 2436 facile
579 2378 752 2451 implendam
774 2378 936 2437 hominihus
959 2395 1020 2436 eam
1049 2377 1216 2448 admittens;
1245 2377 1321 2436 actio

142 2497 215 2540 vero
243 2481 366 2540 hominis
394 2481 472 2539 nullo
500 2479 585 2540 modo
614 2481 786 2554 excluditur,
814 2481 865 2541 sed
892 2480 981 2540 verbo
1004 2484 1159 2561 μετανοεῖν
1185 2489 1320 2555 expresso

143 2583 315 2658 postulatur.

230 2685 351 2746 Ceterae
384 2702 456 2759 quae
484 2687 514 2744 in
546 2687 618 2744 actis
650 2687 716 2762 (18,
749 2688 865 2745 23-0.
894 2689 946 2764 28)
978 2688 1144 2748 referuntur
1173 2688 1319 2747 orationes

143 2789 321 2863 respondent
343 2795 466 2862 quatuor
489 2788 616 2862 epistolis
630 2789 836 2864 principalibus
859 2795 946 2865 atque
969 2792 1055 2850 etiam
1070 2791 1107 2850 ad
1123 2807 1172 2851 eas
1187 2795 1320 2864 spectant

145 2893 291 2966 epistolas,
314 2910 386 2967 quae
410 2909 427 2950 a
450 2893 561 2965 captivo
584 2893 710 2966 scriptae
733 2898 798 2952 sunt
821 2895 963 2967 apostolo.
1000 2894 1112 2968 Exeo,
1137 2894 1211 2968 qnod
1237 2895 1319 2966 lat

145 2997 269 3069 quaerit,
292 2993 318 3056 εἰ
340 2995 458 3076 πνεῦμα
480 2989 562 3077 ἅγιον
584 2991 708 3074 alcidem
729 2991 951 3072 πιστεύσαντες,
976 2999 1182 3074 concludimus,
1205 2997 1318 3056 initium

142 3117 234 3158 novae
258 3099 485 3159 Christianorum
513 3100 589 3158 vitae
616 3100 685 3172 poni
713 3100 743 3158 in
769 3100 812 3182 τῷ
833 3101 988 3162 πιστεῦσαι
1016 3101 1091 3175 quod
1116 3101 1319 3162 adactionem

145 3205 298 3262 humanam
330 3203 435 3260 attinet
466 3208 496 3260 et
525 3203 553 3260 in
583 3202 626 3285 τῷ
655 3203 781 3291 πνεῦμαΙ
802 3197 884 3284 ἅγιον
913 3203 1016 3282 λαβεῖν
1049 3204 1125 3279 quod
1155 3205 1193 3264 ad
1214 3205 1320 3264 donum

149 3306 274 3368 divinum
297 3306 412 3377 attinet,
442 3304 477 3363 cf.
500 3322 565 3378 pag.
590 3307 629 3364 39
653 3323 684 3382 s,
713 3312 744 3364 ut
773 3313 964 3380 cognoscatur
989 3307 1076 3366 fidem
1104 3325 1137 3368 re
1166 3325 1236 3368 vera
1258 3325 1319 3368 esse

148 3427 210 3468 cam
242 3409 310 3466 fidei
341 3410 497 3480 actionem,
532 3425 588 3482 qua
618 3408 740 3482 Spiritus
771 3407 892 3468 Sanctus
925 3411 1093 3484 accipiatnr3
1127 3411 1238 3470 accedit
1267 3411 1321 3472 τοῖν

144 3510 355 3592 βαπτίσματος
384 3513 496 3586 signum
523 3517 680 3572 externum.
725 3512 820 3570 Etiam
847 3513 988 3573 Joaunem
1010 3515 1166 3588 baptistam
1190 3515 1261 3574 dicit
1283 3516 1319 3575 ah

143 3617 177 3674 iis
200 3617 248 3688 qni
271 3634 335 3675 eum
359 3617 502 3674 audierint
524 3599 654 3690 petiisse,
685 3611 735 3676 ἵνα
757 3610 950 3678 πιστεύσωσιν
978 3613 1020 3690 εἰς
1041 3611 1095 3679 τὸν
1116 3617 1220 3700 Ιησοῦν
1241 3636 1267 3678 v.
1289 3619 1319 3680 4.

144 3719 236 3778 Porro
274 3723 409 3777 narratur
440 3720 547 3779 Paulus
580 3721 632 3791 20,
669 3719 802 3778 18-35
834 3719 928 3778 Mileti
958 3722 1135 3794 presbyteris
1166 3722 1319 3795 Ephesinis

144 3823 234 3879 totam
249 3839 329 3880 suam
345 3823 431 3880 vitam
447 3823 610 3896 depinxisse
626 3821 662 3884 cf.
674 3841 702 3895 p.
716 3822 756 3880 40
772 3839 794 3880 s,
810 3823 1003 3886 ntservitium
1015 3825 1138 3883 Domino
1148 3826 1319 3898 praestitum

142 3941 169 3984 v.
196 3924 233 3981 19
268 3928 297 3982 et
328 3926 520 3985 testimonium
548 3925 584 3984 de
607 3922 652 3997 εἰς
673 3919 747 3988 icio
770 3922 916 4008 μετανοίᾳ
948 3933 977 3986 et
1007 3927 1042 3986 de
1072 3927 1129 3984 fide
1159 3927 1189 3984 iu
1220 3927 1319 3986 Jesnm

143 4027 311 4104 Dominnm;
334 4027 405 4085 nihil
427 4028 516 4101 igitur
539 4044 570 4086 se
585 4029 709 4088 voluisse
725 4027 851 4088 affirmat
864 4031 919 4088 nisi
934 4031 1065 4088 nuntiare
1081 4032 1204 4103 gratiam
1219 4031 1275 4090 Dei
1291 4035 1320 4089 et

142 4129 299 4189 admouere
315 4130 445 4188 hominos
457 4130 493 4188 ad
505 4129 591 4189 fidem
607 4133 818 4193 ostendendam.
847 4133 950 4192 (loram
962 4133 1079 4192 Judaeis
1095 4133 1197 4192 deindo
1213 4124 1317 4193 Hiero·

143 4233 321 4306 solymitauis
346 4251 369 4291 c.
386 4235 425 4292 22
449 4237 478 4291 et
501 4233 634 4306 synedrio
650 4237 699 4309 23,
726 4241 817 4296 1-6
842 4238 987 4311 apostolus
1010 4237 1171 4311 profitetur,
1194 4255 1227 4297 re
1249 4254 1318 4297 vera

145 4334 290 4394 Christum
317 4337 508 4396 resurrexisse
539 4355 553 4395 e
583 4339 715 4412 mortuis;
743 4343 819 4400 omni
842 4341 927 4400 ruodo
950 4357 999 4400 eos
1022 4358 1078 4400 non
1100 4342 1160 4400 vult
1182 4342 1316 4416 ignorare
