3160 4990
615 363 828 423 ...15-

129 535 212 606 tiam,
240 532 317 591 velut
339 532 450 606 agendo
474 532 598 606 aliquem
622 532 752 592 obtinere
777 533 883 607 aliquid
907 533 1040 606 dicimus,
1071 538 1100 591 ct
1122 531 1199 606 sons,
1222 533 1312 606 siqui-

130 638 196 698 dem
217 655 271 711 per
292 637 372 695 illam
394 635 485 695 solam
508 635 650 694 actionem
670 636 784 708 justitia
806 637 836 694 in
858 636 1001 696 hominem
1022 636 1116 694 effluit
1131 637 1260 709 quamvis
1281 638 1311 695 in

128 742 193 814 ipsa
214 739 271 798 fide
293 756 351 798 non
374 742 440 799 orta
461 739 508 811 sit,
530 740 661 799 sicutne
685 756 760 814 aqna
781 739 898 813 quidem
919 740 950 798 in
972 738 1052 799 iente
1075 740 1177 814 oritur,
1201 739 1253 800 sed
1275 756 1311 798 ex

128 841 209 904 fonte
231 843 395 903 hominibus
418 841 527 914 effluit3
549 860 607 901 non
629 843 718 916 igitur
739 848 871 917 negatur,
893 843 1022 902 ultimam
1046 859 1162 902 causam
1178 859 1239 902 esse
1254 842 1313 900 Dei

133 948 266 1020 gratiam.
310 946 435 1005 Accedit
461 945 537 1020 quod
564 948 711 1020 apostolus
739 946 842 1006 eodem
869 963 953 1005 versu
981 947 1110 1005 dissertis
1133 946 1225 1004 utitur
1246 962 1312 1005 ver-

132 1050 190 1109 bis:
224 1043 279 1111 καὶ
300 1043 390 1132 ἡμεῖς
412 1044 637 1132 ἐπιστεύσαμεν,
669 1045 719 1111 ἵνα
740 1048 953 1131 taxarat-uper
974 1049 1039 1112 κτλ.
1085 1049 1159 1122 Quid
1180 1048 1235 1108 boc
1256 1049 1313 1107 sibi

129 1153 202 1229 vult,
239 1153 296 1212 nisi
331 1169 383 1211 nos
426 1158 456 1212 et
493 1153 571 1228 ipsos
599 1147 634 1214 τὸ
657 1147 803 1215 πιστεύειν
835 1170 893 1212 una
928 1153 1051 1227 quadam
1088 1153 1210 1234 actione
1233 1153 1311 1210 ince-

129 1257 216 1330 pisse,
240 1273 275 1316 eo
297 1256 416 1316 consilio
438 1260 471 1315 ut
488 1256 561 1328 justi
583 1255 737 1317 fieremus?
775 1257 852 1316 Num
874 1258 1017 1331 potuisset
1037 1257 1068 1314 in
1089 1255 1133 1340 τῷ
1154 1255 1311 1317 πιστεύσαι

130 1360 232 1434 aliquis
256 1359 407 1419 consilium
428 1360 572 1436 habuisse,
595 1361 650 1419 nisi
671 1360 781 1435 ipsein
797 1359 910 1435 agendo
926 1358 1047 1420 fuisset?
1075 1360 1172 1433 Atque
1188 1360 1213 1417 si
1226 1375 1312 1418 versu

133 1462 181 1523 17.
211 1463 362 1522 christiani
385 1463 587 1523 describuntur
610 1464 768 1545 ζητοῦντες
790 1461 991 1545 occursuque
1017 1460 1047 1524 ἐν
1068 1462 1197 1546 Χριστῷ,
1226 1479 1312 1536 quum

131 1567 187 1625 alio
209 1568 273 1627 loco
295 1562 322 1628 οἱ
345 1561 535 1640 πιστεύοντες
557 1569 749 1643 appellentur,
776 1567 846 1642 qnid
868 1567 924 1626 hoc
946 1567 1001 1626 sibi
1023 1568 1092 1640 vult,
1118 1567 1176 1624 nisi
1196 1567 1225 1624 in
1248 1582 1311 1625 cre·

132 1668 225 1729 dendo
249 1687 313 1730 esse
336 1672 435 1752 ζητεῖν
457 1671 610 1746 quoddam,
633 1666 780 1734 πιστεύειν
802 1673 892 1744 igitur
915 1687 977 1730 esse
1000 1672 1144 1729 actionem
1167 1669 1311 1743 quandam

128 1772 339 1851 volentium¹)?
576 1749 583 1764 ⁸

218 1878 260 1937 Ut
281 1878 382 1937 melius
405 1896 467 1938 rem
491 1895 710 1954 cognoscamus,
743 1895 815 1952 opus
843 1883 887 1960 est
909 1893 1063 1950 quaerere,
1094 1876 1164 1950 quid
1189 1877 1227 1935 sit
1255 1876 1311 1949 lex,

135 1980 203 2053 quid
226 1980 284 2039 sint
305 1997 394 2055 opera
417 1983 497 2056 legis,
520 1982 589 2055 quid
611 1983 649 2040 sit
668 1980 783 2054 justitia
805 1999 821 2040 e
845 1982 990 2040 sententia
1011 1981 1093 2039 Pauli
1116 1981 1248 2054 apostoli.

217 2083 343 2159 Legem
367 2086 480 2158 quidem
502 2083 662 2146 Mosaicam
683 2085 818 2159 intelligit
839 2087 987 2159 apostolus
1002 2082 1036 2159 Ξ).
1080 2085 1145 2144 Ηοε
1168 2101 1204 2142 ex
1226 2085 1312 2143 tertio

132 2190 161 2245 et
183 2192 285 2262 quarto
308 2190 404 2262 capite
428 2189 568 2263 epistolae
591 2189 629 2248 ad
651 2188 771 2248 Galatas
794 2187 1084 2262 cf.Rom.2,17ss.
1107 2187 1178 2246 satis
1199 2189 1311 2262 perspi-

132 2291 216 2350 citur.
263 2291 396 2363 Quamvis
419 2293 489 2353 civis
516 2293 660 2353 Romanus
683 2295 762 2367 leges
788 2293 985 2366 reipublicae
1017 2309 1075 2351 non
1101 2292 1228 2365 potuerit
1253 2308 1312 2351 non

132 2395 263 2468 cognitas
285 2394 402 2473 habere,
430 2402 528 2458 tamen
556 2391 571 2459 ὁ
595 2391 685 2479 νόμος
711 2397 770 2455 sive
793 2390 884 2476 νόμος
909 2413 995 2456 sensu
1018 2397 1090 2469 legis
1112 2388 1179 2457 κατ’
1205 2388 1311 2476 ἐξσχήν

129 2497 238 2557 bomini
260 2499 413 2560 israelitae
436 2501 497 2560 sola
511 2501 643 2560 Mosaios
665 2502 713 2559 lex
735 2499 798 2572 init,
821 2499 955 2573 quoniam
977 2499 1044 2557 illae
1066 2498 1143 2572 leges
1159 2497 1197 2556 ad
1212 2513 1311 2556 veram

130 2601 300 2675 religionem
330 2605 445 2663 omnino
468 2622 525 2664 non
547 2604 743 2679 pertinebant,
775 2606 816 2675 ut,
839 2603 863 2660 si
888 2601 923 2660 dc
945 2602 1086 2680 religione
1110 2600 1307 2659 disserebatur
1378 2591 1386 2616 ⁸

130 2720 166 2762 ne
189 2706 325 2778 conjungi
348 2707 463 2780 quidem
487 2725 550 2766 cum
564 2707 695 2767 Mosaios
713 2709 839 2779 possent.
878 2704 987 2763 Contra
1009 2704 1079 2763 satis
1102 2707 1223 2778 constat,
1245 2702 1309 2762 Mo·

132 2807 240 2866 saicam
263 2808 358 2882 legem
379 2810 551 2871 Pharisaeos
572 2843 609 2852 -
634 2808 741 2867 Paulus
763 2809 826 2881 ipse
848 2807 933 2866 homo
956 2807 1130 2866 Pharisaeus
1152 2806 1248 2866 iuerat
1269 2810 1313 2864 at·

133 2925 188 2984 que
213 2926 277 2968 cum
298 2912 464 2974 Pharisaeis
488 2915 515 2973 ei
537 2915 572 2972 lis
596 2913 672 2970 erat!
702 2944 739 2953 -
770 2915 800 2969 et
821 2912 960 2985 plurimus
984 2915 1096 2970 ceteros
1119 2909 1243 2970 ludaeos
1265 2926 1311 2969 so·

133 3014 193 3072 lum
206 3010 314 3074 ionum
326 3017 425 3076 salutis
441 3022 471 3076 et
482 3032 612 3075 normam
624 3015 712 3074 totius
724 3015 872 3088 religionis
884 3014 1037 3086 censuisse,
1054 3012 1129 3087 quod
1144 3013 1258 3087 quidem
1275 3030 1312 3072 ex

131 3111 301 3178 Scbuererc'
322 3119 397 3178 libro
425 3121 471 3178 cui
496 3119 664 3179 inscribitur
697 3112 1030 3193 „Neutcstumcutlc'cbe
1053 3111 1311 3194 Zeitgescbicbtc“

133 3226 163 3279 et
175 3239 211 3280 ex
222 3221 285 3280 aliis
301 3221 440 3295 ejusmodi
454 3222 535 3282 libris
549 3223 624 3282 bene
638 3223 761 3295 intelligi
775 3227 879 3296 potest.
910 3221 1078 3294 Ubicunque
1094 3221 1181 3294 igitur
1196 3219 1233 3279 de
1248 3220 1312 3293 lege

132 3323 240 3383 Paulus
262 3326 409 3400 apostolus
432 3325 515 3399 dicit,
538 3327 592 3386 uisi
613 3328 674 3402 ipse
696 3324 776 3384 eliud
799 3325 906 3399 aliquid
927 3324 1050 3397 indicat,
1080 3339 1195 3396 semper
1217 3324 1311 3402 legem

130 3425 287 3487 Mosaicum
309 3431 413 3504 sentit,
436 3430 472 3488 de
495 3447 551 3504 qua
573 3429 688 3504 quidem
710 3431 771 3488 sine
795 3429 880 3488 dubio
896 3445 954 3488 non
968 3434 1028 3488 tam
1043 3427 1133 3485 multa
1147 3426 1312 3500 scripsisset

131 3543 222 3601 neque
244 3534 483 3607 praedicavisset‚
511 3535 567 3593 nisi
593 3533 696 3593 Iudaei
724 3549 755 3591 se
783 3533 810 3590 ei
837 3533 1046 3607 apposuissent.
1091 3528 1176 3589 Unde
1206 3529 1310 3601 evenit,

130 3636 163 3689 ut
185 3633 264 3693 notio
286 3637 374 3712 legis,
396 3643 428 3697 ut
450 3639 566 3698 omnino
589 3638 729 3712 epistolae
750 3635 889 3696 Paulinae
912 3637 1036 3708 majores
1057 3635 1189 3708 apaucis
1205 3633 1308 3692 civium

129 3765 334 3780 dea—*-

220 3854 238 3924 ¹)
257 3855 395 3923 Quomodo
407 3873 477 3919 ‚vero
489 3857 612 3912 volentes
624 3857 699 3926 dant,
716 3854 789 3910 infra
806 3854 995 3925 explicabitur.
1008 3883 1042 3894 -
1055 3852 1076 3920 2)
1096 3853 1236 3918 Psteiderer,
1254 3852 1272 3906 l.
1286 3865 1308 3907 c.

128 3952 154 4010 p·
174 3941 214 3996 69.
250 3943 350 4011 Immer,
375 3942 393 3997 l.
416 3960 438 3998 c.
455 3961 482 4013 p.
506 3944 564 4014 277,
590 3953 664 3999 recte
686 3943 849 4012 adjungens:
879 3943 929 3992 und
945 3959 1011 3991 awur
1027 3942 1086 3990 olna
1108 3939 1310 4004 Uutcrscder'dunq

127 4029 170 4079 des
191 4027 347 4080 Ceremoniul-
365 4031 416 4079 und
432 4030 617 4096 Sittengcsetzcs.
649 4029 727 4097 Quod
745 4028 768 4083 si
781 4032 810 4081 F.
822 4028 848 4082 C.
864 4029 936 4079 Buur
953 4026 998 4095 (cf.
1011 4026 1121 4094 Paulus,
1140 4025 1181 4080 ed.
1199 4025 1234 4094 II,
1252 4031 1271 4079 t.
1286 4026 1310 4094 2,

127 4131 153 4183 p.
173 4113 223 4168 208
241 4130 291 4183 ss.;
309 4114 391 4171 Neut.
405 4115 500 4170 Theoi.
518 4116 667 4186 piditas.)
685 4115 839 4170 accuratius
857 4115 1062 4181 observatiaset,
1080 4111 1195 4166 fumasse
1207 4111 1309 4166 bellum

126 4197 193 4254 illud
211 4201 488 4256 Paulino-Jacobeum
510 4217 563 4256 non
585 4209 691 4258 tantum
712 4209 823 4270 tamque
841 4201 988 4256 vehemens
1011 4198 1095 4253 fuisse
1113 4196 1308 4251 contendisset.

126 4285 225 4342 Baurio
244 4305 308 4344 vero
326 4289 353 4341 in
371 4288 481 4344 notione
499 4289 567 4358 legis
585 4289 764 4359 intelligenda
776 4287 910 4342 consentit
923 4286 1037 4336 Neander
1058 4283 1152 4350 (θετον.
1166 4286 1208 4334 der
1222 4283 1307 4344 Pflan-

126 4388 195 4439 unp,
214 4374 293 4441 1862,
307 4393 334 4442 p.
354 4375 428 4441 505).
