3160 4990
604 403 814 464 ..11-

122 570 302 657 παραδόσεις
324 575 362 651 ΙΙ,
387 575 415 650 2,
442 573 495 651 15,
527 575 556 650 3,
581 577 599 633 6
623 574 838 634 observandae.
883 575 1001 634 Debent
1032 573 1183 635 christiani
1208 575 1301 635 imita·

121 684 199 738 tores
233 677 295 736 ficri
328 676 454 753 apostoli
488 681 518 735 et
547 677 664 737 Domini
691 678 714 754 l,
745 680 772 755 1,
797 681 830 755 6,
857 678 894 754 ΙΙ,
920 683 948 754 3,
973 677 1002 737 7.
1027 680 1059 754 9,
1095 678 1204 738 debent
1236 680 1300 739 Deo

121 781 231 841 servire
253 783 275 858 Ι,
302 783 328 858 1,
354 784 381 857 9,
407 784 580 862 περιπατεῖν
608 775 701 856 ἀξίως
727 781 779 843 τοῦ
800 779 875 844 beeri
901 781 954 843 τοῦ
975 780 1139 854 καλοῦντος
1160 783 1182 858 Ι,
1208 783 1226 840 2
1252 783 1300 860 12,

121 890 200 947 stare
230 884 260 943 in
289 883 415 944 Domino
437 883 460 960 I,
485 884 513 961 3,
538 885 572 961 8,
605 877 760 966 ἄμεμπτοι
791 902 869 962 esse,
901 883 940 944 ib.
967 885 1020 960 13,
1044 884 1162 959 placere
1185 885 1249 944 Deo
1273 889 1302 944 et

121 988 270 1048 uberiores
304 987 392 1047 etiam
427 985 490 1045 fieri
516 988 539 1064 Ι,
568 988 598 1063 4,
630 988 656 1047 1.
688 989 726 1046 10
754 986 791 1046 cf.
821 989 849 1064 2,
877 987 929 1066 15,
961 987 1070 1046 debent
1103 987 1251 1047 abstinere
1284 1007 1302 1047 a

121 1091 224 1151 scortis
254 1096 284 1150 et
318 1088 445 1149 avaritia
467 1091 490 1166 Ι,
515 1090 544 1167 4,
569 1092 642 1150 3ss.
687 1091 781 1150 Multa
809 1090 867 1150 alia
893 1094 1055 1167 praecepta
1082 1090 1165 1150 addit
1193 1092 1302 1150 Paulus

121 1195 272 1272 generalia
302 1198 332 1253 et
361 1192 516 1270 specialia,
548 1193 584 1252 cf.
615 1194 637 1271 l,
669 1195 697 1271 4,
730 1196 758 1254 3.
794 1196 842 1253 11.
878 1196 932 1272 12,
964 1195 992 1272 5,
1027 1198 1102 1273 ὅτε,
1134 1196 1173 1272 ΙΙ,
1197 1196 1226 1272 3,
1253 1196 1301 1253 13.

121 1302 155 1359 In
178 1298 313 1358 omnibus
336 1315 406 1356 vero
429 1296 473 1355 his
495 1296 661 1373 praeceptis
689 1301 719 1357 et
741 1297 929 1372 generalibus
952 1301 982 1356 et
997 1297 1174 1374 specialibus
1190 1315 1304 1374 semper

120 1403 270 1462 invenitur
292 1401 372 1460 notio
395 1400 447 1459 illa
468 1399 546 1459 fidei.
592 1382 697 1460 Omnia
724 1400 801 1460 enim
822 1400 996 1477 praescribit
1019 1402 1170 1477 apostolus
1186 1420 1220 1463 eo
1237 1419 1303 1461 con-

121 1507 200 1583 silio,
231 1510 263 1565 ut
294 1503 376 1564 donis
406 1503 512 1563 divinis
549 1503 684 1564 tenendis
715 1505 780 1564 Deo
815 1504 963 1579 placeant.
1010 1505 1178 1578 Numquam
1208 1505 1304 1580 legem

122 1609 236 1687 objicit,
266 1626 425 1685 numquam
455 1607 592 1685 imperat,
623 1625 737 1684 semper
768 1606 943 1667 adhortatur
971 1607 1021 1666 vel
1041 1612 1193 1686 precatur,
1224 1626 1303 1666 num-

121 1732 209 1789 quam
231 1713 346 1788 legibus
369 1711 523 1787 implendis
547 1712 671 1771 salutem
692 1711 756 1771 vult
775 1712 899 1770 lectores
917 1709 973 1770 sibi
989 1727 1169 1786 comparare.
1213 1712 1304 1772 Immo

120 1817 246 1877 Iudaeos
270 1815 340 1876 dicit
361 1817 424 1874 Deo
451 1834 510 1874 non
532 1815 650 1889 placere
664 1815 687 1891 Ι,
704 1816 732 1892 2,
753 1815 801 1899 15.
845 1808 1038 1896 Παραδόσεις
1054 1818 1083 1873 et
1098 1811 1305 1897 παραγγελίας

121 1926 263 1996 tanquam
284 1939 337 1996 pro
357 1918 466 1995 regulis
482 1919 575 1977 solum
597 1918 688 1976 habet
709 1917 740 1975 in
761 1917 909 1993 implenda
924 1918 1076 1976 voluntate
1091 1917 1148 1977 Dei
1170 1919 1193 1995 I,
1218 1920 1246 1996 3,
1270 1919 1304 1997 4;

124 2025 152 2101 5,
179 2025 227 2102 18,
252 2041 328 2098 quse
350 2040 421 2082 vero
437 2039 495 2080 non
517 2021 666 2096 implenda
688 2024 733 2080 est
754 2024 788 2079 ut
810 2020 987 2096 accipiamus
1003 2038 1115 2081 summa
1137 2021 1228 2099 bona,
1253 2021 1306 2082 sed

123 2145 199 2202 quae
221 2126 335 2202 impleri
349 2129 460 2202 potest,
477 2124 615 2198 quoniam
629 2123 795 2200 accepimus
810 2127 854 2185 tot
870 2128 998 2185 attenta
1012 2126 1104 2184 bona!
1125 2124 1305 2208 Accepistis3

123 2249 192 2306 ergo
204 2230 331 2290 teneatis
344 2233 373 2287 et
387 2227 569 2304 praebeatis:
590 2227 634 2288 his
649 2227 748 2287 verbis
763 2228 909 2288 sententia
921 2228 1008 2288 Pauli
1022 2227 1145 2305 exprimi
1159 2223 1305 2312 potest1)

122 2336 282 2409 Nunquam
304 2351 375 2392 vero
397 2332 513 2392 omnino
537 2332 573 2392 de
595 2333 661 2407 lege
677 2331 808 2391 Mosaica
822 2331 982 2407 quidquam
997 2331 1187 2410 praescribit,
1203 2350 1241 2391 nc
1269 2332 1306 2393 de
1420 2385 1423 2390 r

124 2437 267 2511 decalogo
290 2435 420 2510 quidem!
451 2437 546 2495 Unam
568 2436 659 2495 habet
681 2436 862 2495 voluntatem
885 2435 954 2496 Dei:
986 2437 1051 2495 Deo
1074 2439 1106 2494 ut
1129 2435 1305 2514 serviamus,

124 2541 218 2600 altera
240 2558 310 2599 vero
335 2539 448 2598 accedit
470 2538 500 2597 in
516 2539 566 2598 illa
586 2539 738 2598 conclusa:
770 2544 802 2600 ut
817 2539 965 2615 proximos
981 2557 1123 2616 amemus,
1141 2539 1211 2614 quia
1226 2539 1306 2598 Deus

123 2645 201 2721 vult,
230 2647 371 2718 tanquam
399 2643 504 2703 fratres
527 2645 550 2720 Ι,
575 2643 603 2719 4,
629 2645 662 2720 9,
695 2643 723 2720 5,
751 2644 786 2701 11
805 2660 843 2702 ss.
893 2641 1002 2702 Omnes
1029 2641 1163 2717 singulae
1185 2643 1306 2718 regulae

125 2767 162 2807 ex
191 2747 248 2806 hac
279 2765 338 2806 nna
369 2746 506 2825 effluunt,
544 2752 643 2806 tamen
673 2744 810 2820 quoniam
833 2763 898 2803 oum
921 2744 1087 2805 christianis
1117 2744 1259 2821 imperitis
1277 2750 1307 2806 et

124 2850 300 2927 imperfectis
323 2851 416 2910 Paulo
439 2869 486 2910 res
510 2853 567 2927 est,
592 2848 724 2924 singulas
746 2865 794 2906 res
816 2849 959 2925 postulat,
984 2848 1037 2908 sed
1067 2847 1183 2908 dicens:
1222 2843 1307 2911 uisci

125 2950 322 3018 &crediderumt
351 2951 419 3015 ε’στε
449 2950 492 3025 εἰς
520 2948 556 3013 τὸ
590 2946 714 3033 ἀγαπᾶν
744 2944 889 3031 ἀλλήλους
922 2953 945 3029 Ι,
970 2953 998 3028 4,
1024 2953 1056 3029 9,
1092 2956 1122 3012 et
1154 2951 1233 3028 ipsos
1256 2952 1306 3011 ad-

125 3059 258 3116 hortatur
281 3056 318 3114 ad
340 3050 376 3118 τὸ
392 3049 563 3135 δοκιμάζειν
577 3055 600 3132 Ι,
625 3055 654 3132 5,
679 3055 728 3113 21.
774 3056 910 3114 Postulat
932 3059 965 3114 nt
986 3055 1081 3114 bonus
1103 3055 1305 3134 paedagogus,

126 3180 184 3220 non
199 3164 232 3219 ut
247 3160 412 3235 legislator:
436 3177 506 3217 vere
522 3151 687 3239 αὐτόνομος
701 3157 819 3218 videtur
833 3177 898 3218 esse
913 3159 1051 3218 voluntas
1068 3157 1304 3237 christianorum

125 3259 274 3345 ἓνεόνομος
289 3263 366 3322 enim
381 3261 460 3320 sacta
476 3266 530 3321 est.
574 3263 620 3319 En
635 3262 691 3321 hoc
706 3266 751 3321 est
767 3257 850 3344 ἔργον
864 3258 994 3336 πίστεως
1008 3262 1031 3339 I,
1052 3264 1078 3339 1,
1096 3259 1130 3339 3,
1154 3263 1192 3338 ΙΙ,
1212 3263 1239 3339 l,
1259 3263 1307 3320 11.

217 3363 326 3440 Πίοτις
347 3384 419 3424 vero
442 3364 506 3441 ipsa
529 3366 565 3448 de
588 3381 648 3440 qna
669 3365 699 3424 in
722 3366 852 3442 epistolis
868 3367 906 3426 ad
921 3366 1200 3426 Thessalonicenses
1214 3365 1309 3425 missis

128 3469 224 3545 agitur
246 3469 406 3529 clarissime
429 3489 465 3528 ex
488 3469 533 3528 his
555 3469 664 3544 regulis
679 3470 856 3546 perspicitur
871 3488 935 3530 esse
951 3469 976 3530 is
1002 3469 1119 3529 habitus
1134 3471 1199 3531 Deo
1226 3487 1308 3528 acoe-

126 3578 195 3650 ptus
218 3574 334 3633 moralis
358 3573 592 3652 christianorum,
617 3592 675 3649 quo
691 3575 794 3633 volunt
815 3573 954 3634 oboedire
974 3578 1003 3634 et
1026 3573 1136 3632 servire
1160 3572 1215 3632 soli
1237 3591 1307 3632 vero

127 3680 191 3738 Deo
221 3678 299 3753 patri
320 3679 390 3738 Jesu
413 3678 519 3738 Christi
548 3696 601 3754 per
632 3697 718 3754 quem
748 3680 870 3738 salutem
900 3677 985 3738 nobis
1006 3678 1158 3755 praebeat,
1182 3676 1310 3737 tenenda

128 3781 240 3841 scilicet
262 3781 358 3856 gratia
380 3783 417 3841 ab
441 3799 475 3841 eo
498 3786 639 3860 accepta,
671 3799 757 3856 quem
780 3780 910 3841 habitum
934 3781 1059 3841 vidimus
1081 3799 1140 3840 non
1163 3799 1200 3840 ex
1220 3779 1308 3839 homi-

128 3903 196 3944 num
219 3885 348 3961 ipsorum
371 3903 435 3945 esse
458 3884 584 3962 viribus,
617 3885 669 3945 sed
692 3885 816 3961 Spiritus
839 3885 948 3945 Sancti.
992 3885 1027 3944 Id
1049 3903 1120 3944 vero
1137 3903 1173 3944 ex
1188 3901 1246 3959 quo
1262 3882 1309 3942 hic

128 3988 247 4049 habitus
270 3987 384 4065 incipit,
410 3989 488 4064 quod
511 3989 550 4047 ad
571 3989 695 4050 hominis
718 3988 863 4048 actionem
879 3989 997 4066 attinet,
1016 3993 1045 4048 et
1059 3988 1153 4063 ipsum
1169 3988 1207 4046 ad
1222 3986 1309 4046 fidem

127 4091 256 4170 pertinet
279 4096 308 4151 et
331 4091 404 4151 fides
427 4092 569 4169 appellari
592 4093 693 4171 debet,
718 4093 794 4153 actio
818 4092 930 4178 scilicet
959 4091 1015 4152 sibi
1037 4089 1204 4151 assumendi
1226 4089 1310 4149 verbi

128 4195 185 4256 Dei
201 4196 280 4271 quod
296 4197 331 4256 de
347 4198 420 4257 Jesu
436 4197 550 4258 Christo
566 4202 620 4259 est.
665 4197 778 4269 Quodsi
794 4196 1019 4274 conjungemus,
1041 4194 1177 4270 quoniam
1192 4193 1309 4253 habitus

217 4329 236 4396 1)
261 4330 337 4382 Weiss
350 4350 378 4397 ρ.
398 4291 453 4382 ara
470 4331 612 4401 postulata
630 4330 762 4401 evangelii
779 4331 848 4385 benc
861 4329 998 4386 concludit
1010 4329 1111 4385 verbis:
1138 4305 1310 4399 „Bewalrnaq

131 4417 172 4466 der
192 4416 414 4482 Gottqeweiltlcit.“
