3160 4990
744 324 951 382 ..40-

263 492 362 552 fideles
390 493 452 554 Gal.
480 496 511 566 6,
542 496 583 567 1.,
614 496 683 568 quia
715 490 861 576 πνεύματι
892 489 1016 575 ἄγονται
1049 495 1113 556 Gal.
1141 495 1174 566 5,
1209 495 1263 564 18;
1295 493 1375 552 Rom.
1403 494 1433 565 8,

266 597 315 660 14.
357 597 425 656 Nou
447 596 579 656 dubitant
604 596 716 670 fideles,
751 599 818 671 quin
850 598 986 672 Spiritum
1015 600 1197 670 acceperiut3
1231 596 1321 655 utitur
1356 595 1434 654 enim

264 703 385 773 accepto
407 697 518 772 Spiritu
541 700 648 760 Paulus
676 707 810 774 tauquam
838 700 999 760 firmissimo
1022 704 1191 772 argumento
1214 699 1275 758 Gal.
1298 700 1327 770 3,
1350 700 1378 757 2.
1403 698 1433 758 5.

264 802 311 860 Ex
332 801 434 862 iisdem
456 800 587 860 versibus
609 803 789 876 intelligitur,
816 801 900 862 fidem
928 803 1137 876 quodaminodo
1159 802 1332 876 praeoedere
1352 818 1435 860 aocc-

265 909 347 979 ptum
363 903 515 978 Spiritum,
539 905 591 963 sed
607 901 745 978 Spiritum
760 906 856 964 statim
873 907 1007 978 consequi
1023 907 1163 964 actionem
1182 903 1263 975 fidei;
1285 904 1437 978 quaeritur

264 1008 357 1066 euim:
384 1001 417 1081 ἐξ
444 1000 536 1087 ἔργον
564 1001 655 1087 νόμον
680 1002 715 1068 τὸ
743 1007 861 1088 πνεῦμα
883 1003 1007 1086 ἐλάβετε
1027 1001 1047 1089 ἢ
1070 1002 1103 1082 ἐξ
1125 1001 1219 1088 ἀκοῆς
1240 1003 1369 1080 πίστεως
1397 1007 1436 1070 cl.

264 1128 290 1170 v.
317 1109 355 1172 14
378 1102 429 1171 διὰ
450 1108 506 1189 τῆς
527 1105 671 1183 πίοτεως;
696 1111 799 1169 Versus
816 1111 844 1174 5.
867 1113 954 1169 etiam
977 1111 1032 1170 boc
1054 1111 1246 1181 demonstrat,
1268 1126 1325 1168 nou
1347 1110 1439 1169 semel

265 1211 402 1287 Spiritum
432 1211 509 1285 dari,
537 1213 588 1271 sed
615 1212 692 1272 fideli
719 1229 832 1287 semper
858 1213 951 1272 denuo
977 1214 1169 1287 suppeditari,
1197 1212 1232 1272 cf.
1259 1213 1296 1271 II.
1319 1213 1382 1272 Cor.
1406 1213 1438 1283 4,

268 1317 319 1386 16;
342 1320 444 1374 contra
465 1332 501 1373 ex
523 1316 543 1372 Ι.
564 1315 627 1374 Cor.
644 1317 672 1388 2,
697 1317 736 1374 14
758 1318 794 1374 al.
818 1316 1009 1392 cognoscitur,
1032 1317 1168 1390 Spiritum
1191 1315 1327 1374 Sanctum
1348 1316 1438 1373 etiam

265 1418 439 1478 antecedere
474 1413 562 1476 fidem
596 1420 711 1493 ejusque
738 1435 809 1478 esse
840 1435 955 1478 causam
992 1419 1045 1493 (cl.
1074 1435 1163 1492 supra
1188 1438 1217 1492 p.
1250 1417 1311 1494 39).
1366 1419 1439 1475 Bre-

266 1515 380 1580 vissima
402 1536 471 1580 vero
492 1525 522 1578 et
537 1522 683 1595 aptissime
699 1538 734 1580 ea
748 1537 822 1595 quae
836 1522 915 1580 Deus
937 1522 1008 1581 facit
1028 1524 1056 1580 in
1080 1539 1114 1581 eo
1137 1523 1185 1596 qui
1205 1521 1274 1580 fidei
1295 1521 1437 1578 actionem

267 1627 399 1697 praestat
428 1629 660 1683 consummantur
687 1625 724 1682 Il.
747 1624 811 1686 Gor.
839 1625 872 1698 5,
906 1626 943 1684 17
971 1623 1008 1687 cl.
1035 1625 1098 1684 Gal.
1126 1628 1158 1698 6,
1191 1625 1245 1682 15:
1279 1619 1377 1696 εἴτις
1406 1621 1439 1684 ἐν

266 1726 397 1808 Χριστῷ,
426 1721 515 1808 καινὴ
541 1723 644 1800 κτίσις·
667 1721 708 1788 τὰ
730 1720 845 1809 ἀρχαῖα
866 1726 1037 1810 sapiliaco,
1066 1722 1127 1789 idcir
1153 1725 1269 1808 γέγονεν
1291 1719 1383 1788 καινὰ
1396 1719 1440 1788 τὰ

266 1822 380 1902 πάντα,
404 1827 440 1888 cf.
461 1830 498 1888 ΙΙ.
521 1829 586 1892 (lor.
611 1831 639 1903 3,
662 1831 680 1888 5
704 1849 734 1904 s,
757 1836 787 1888 ot
808 1831 890 1894 Rom.
917 1831 964 1903 14,
986 1832 1020 1890 8:
1043 1830 1095 1892 τοῦ
1116 1827 1216 1912 κυρίου
1237 1827 1333 1910 ἐσμέν.

351 1931 481 2006 Denique
512 1934 617 1991 vitam
649 1932 811 1992 fidelium
826 1932 851 2009 ¹)
889 1934 1079 2007 inspiciamus.
1133 1933 1204 1992 Sunt
1233 1935 1305 2005 justi
1337 1948 1439 1990 coram

266 2038 337 2110 Deo,
359 2034 477 2108 placent
497 2035 570 2110 Deo,
592 2037 675 2094 Rom
695 2037 720 2108 1,
747 2035 798 2107 173
824 2037 875 2110 14,
900 2037 951 2107 18;
973 2038 997 2098 Ι.
1012 2037 1076 2096 Cor.
1092 2038 1120 2110 2,
1146 2038 1198 2107 16;
1223 2036 1340 2107 14.18;
1363 2051 1442 2108 quae

267 2138 389 2212 faciunt,
405 2139 432 2195 ei
446 2138 562 2211 placent
576 2143 660 2210 atque
676 2139 713 2196 ob
729 2154 792 2196 eam
808 2155 924 2198 causam
938 2139 1016 2201 bona
1030 2145 1108 2211 sunt,
1125 2140 1161 2198 cf.
1175 2155 1242 2213 pag.
1257 2140 1307 2200 28.
1337 2139 1439 2196 Novae

267 2245 417 2301 creaturae
439 2245 517 2313 suut,
540 2240 676 2314 Spiritum
692 2240 826 2299 Sanctum
841 2242 962 2318 habent,
985 2259 1048 2300 cum
1063 2242 1178 2301 Christo
1198 2241 1344 2314 conjuncti
1362 2250 1438 2300 sunt.

267 2343 323 2404 Sed
352 2343 439 2402 etiam
465 2360 542 2401 nunc
567 2348 688 2417 possunt
714 2343 817 2402 cadere
844 2345 866 2401 I.
895 2344 959 2423 (lor.
989 2346 1041 2416 10,
1071 2346 1128 2418 12,
1159 2345 1270 2404 scilicet
1297 2361 1313 2403 e
1341 2344 1439 2418 gratia

267 2446 365 2505 divina
397 2446 561 2505 intermissa
590 2445 646 2504 fide
671 2445 735 2508 Gal.
760 2447 794 2520 5,
821 2447 854 2518 4;
888 2448 1048 2506 etiamnunc
1080 2445 1110 2509 ἐν
1138 2444 1228 2530 σαρκί
1253 2449 1352 2507 vivunt
1374 2446 1439 2506 Gal.

268 2551 301 2626 2,
327 2551 385 2622 20,
412 2565 486 2623 quae
514 2545 622 2609 dicitur
644 2543 717 2630 σὰρξ
740 2543 893 2631 ἁμαρτίας
921 2550 1003 2610 Rom.
1027 2552 1060 2626 8,
1083 2552 1116 2622 3;
1147 2550 1273 2609 nondum
1299 2550 1330 2609 id
1360 2549 1439 2630 quod

266 2651 440 2712 describitur
473 2652 556 2712 Rom.
592 2639 655 2730 7²)
686 2652 775 2733 σῶμα
807 2652 858 2714 τοῦ
890 2647 1028 2714 baianen
1061 2655 1170 2727 egressi
1203 2660 1284 2724 sunt,
1328 2639 1440 2711 habent

267 2749 446 2836 ποιῖιήματα
459 2755 518 2834 τοῦ,
531 2755 579 2816 νῦν
594 2754 698 2837 καιροῦ
713 2757 742 2829 8,
768 2757 824 2831 18,
847 2761 913 2814 suut
935 2751 1074 2828 debenti<
1088 2757 1110 2816 Ι.
1128 2756 1193 2816 Cor.
1211 2757 1239 2832 3,
1263 2757 1297 2836 2;
1319 2757 1356 2814 Π.
1372 2755 1439 2818 Gor.

270 2860 320 2930 12,
350 2859 397 2918 10.
446 2858 511 2916 Jam
540 2860 700 2931 quaeritur,
733 2858 799 2931 quid
826 2857 986 2918 bominibus
1013 2859 1174 2918 christianis
1201 2859 1362 2918 laciendum
1391 2859 1440 2929 sit,

267 2961 333 3022 dum
347 2962 377 3020 in
392 2960 498 3020 mundo
520 2967 599 3033 sunt,
622 2967 654 3018 ut
668 2962 754 3020 vitam
770 2965 920 3020 aeternam
935 2962 1140 3035 adipiscantur.
1177 2961 1380 3036 Respondetur
1402 2979 1440 3021 ex

267 3070 362 3123 mente
386 3063 517 3122 Paulina:
545 3063 626 3122 Nihil
648 3061 770 3136 faciant,
797 3081 853 3136 quo
876 3069 1023 3123 aeternam
1046 3066 1134 3123 vitam
1156 3065 1363 3141 adipiscantur,
1385 3066 1440 3125 sed

267 3172 369 3240 agant,
397 3171 429 3225 ut
456 3184 541 3240 quam
563 3166 672 3225 babent
693 3170 822 3238 teneaut3
851 3172 983 3240 caveant,
1010 3184 1047 3228 ne
1073 3169 1207 3227 amittant
1229 3168 1309 3227 Rom.
1333 3171 1360 3241 6,
1384 3171 1439 3242 28;

269 3270 332 3330 Gal.
356 3272 384 3346 6,
409 3270 461 3342 14;
484 3271 506 3328 Ι.
528 3270 592 3329 Gor.
615 3270 644 3343 4,
669 3271 696 3332 1.
719 3271 748 3330 2.
792 3269 916 3328 Currant
940 3270 970 3328 in
996 3270 1103 3343 stadio,
1128 3272 1160 3330 in
1183 3288 1238 3346 quo
1260 3277 1339 3345 sunt,
1366 3289 1439 3332 neve

267 3373 413 3432 lassentur
433 3373 456 3431 Ι.
479 3371 543 3433 Cor.
568 3375 596 3444 9,
626 3373 666 3432 24
689 3389 735 3445 sa,
761 3373 869 3432 viribus
892 3374 1006 3432 donatis
1028 3391 1117 3448 usque
1140 3374 1285 3434 adfinem
1307 3380 1439 3455 utentes,

267 3480 367 3550 131111,
389 3475 456 3549 quia
476 3480 597 3548 possunt
619 3477 642 3536 I.
665 3475 731 3534 Gor.
744 3477 774 3552 4,
798 3477 847 3537 20.
860 3471 888 3558 ⁸)
934 3475 1076 3554 Caveant,
1099 3494 1136 3536 ue
1159 3477 1241 3537 donis
1264 3478 1366 3538 divinis
1389 3483 1438 3538 aut

267 3579 421 3638 contemtis
446 3583 497 3636 aut
523 3578 597 3636 male
623 3578 758 3638 adhibitis
780 3578 835 3638 Dei
856 3580 1038 3653 majestatem
1064 3581 1194 3660 laedant3
1221 3581 1288 3654 quia
1309 3585 1437 3654 possunt,

355 3798 374 3867 ¹)
396 3798 507 3863 Schmin,
530 3816 557 3862 p.
579 3796 640 3850 568.
660 3825 694 3835 ·-
713 3794 734 3866 2)
755 3796 795 3851 Of.
818 3798 915 3863 Maka,
942 3800 959 3851 l.
981 3817 1001 3851 c.
1019 3817 1046 3863 p.
1068 3796 1116 3863 53,
1143 3817 1166 3851 ο.
1188 3797 1232 3851 43.
1254 3827 1286 3836 -
1315 3797 1335 3867 ³)
1358 3800 1439 3854 Addo

267 3889 343 3942 haec.
366 3885 424 3940 Gal.
443 3885 473 3954 5,
496 3887 528 3938 22
551 3899 598 3938 aa:
621 3899 705 3953 opera
728 3885 799 3938 bona
820 3884 887 3938 nihil
910 3891 973 3938 sunt
994 3885 1045 3939 nisi
1067 3883 1178 3940 fructus.
1218 3884 1304 3938 Donis
1326 3885 1440 3953 obligati

268 3980 331 4028 sunt
349 3971 502 4026 christiani:
521 3967 652 4039 ὀφειλέτης
669 3975 711 4026 est
721 3971 823 4025 Paulus
835 3971 911 4026 Rom.
924 3971 948 4040 1,
967 3972 1012 4040 143
1030 3987 1080 4026 vae
1099 3972 1136 4040 ei,
1154 3971 1177 4024 si
1194 3987 1248 4024 non
1266 3971 1441 4038 praedicaret
1561 3971 1562 3982 ¹

268 4061 289 4114 1.
301 4059 362 4113 Gor.
375 4059 400 4126 9,
418 4057 460 4111 16.
489 4055 608 4125 Obligati
620 4060 685 4111 sunt
696 4056 773 4112 initio
786 4057 861 4126 fidei,
880 4063 910 4110 ut
927 4059 956 4112 in
968 4057 1021 4112 fide
1033 4064 1149 4126 pergant
1161 4057 1220 4111 Gal.
1233 4057 1258 4126 3,
1276 4057 1306 4124 3,
1324 4057 1439 4126 obligati

269 4149 332 4198 sunt
350 4143 452 4213 Spiritu
470 4147 581 4212 accepto
598 4143 633 4197 ib.
654 4149 682 4197 et
700 4144 853 4212 cognitione
872 4143 924 4196 Dei
941 4146 966 4212 4,
983 4144 1007 4197 9.
1044 4143 1102 4197 Gal.
1120 4144 1148 4212 5,
1167 4143 1210 4196 25:
1229 4145 1251 4197 εἰ
1269 4146 1349 4210 ζῶμεν
1367 4141 1438 4198 πνεύ-

268 4249 337 4298 ματι,
354 4226 475 4300 πνεύματι
487 4229 530 4283 καὶ
542 4233 691 4300 στοιχῶμεν.
718 4229 851 4296 10016,
870 4230 894 4283 1.
908 4233 922 4284 2
936 4229 967 4284 cf.
982 4230 1005 4298 1,
1019 4229 1048 4283 8:
1066 4230 1158 4297 Agant
1171 4235 1276 4298 sancte,
1294 4229 1339 4296 qui
1352 4230 1439 4283 sancti

269 4321 337 4375 siunt.
373 4317 407 4371 II.
427 4316 484 4370 Cor.
504 4316 526 4390 7,
546 4317 574 4373 l:
592 4316 790 4374 Promissiones
808 4316 940 4374 habentes
957 4317 1135 4386 unicolor->pan
1153 4311 1264 4378 ἑαυτούς.
1300 4315 1321 4369 Ι.
1334 4315 1395 4371 Gor.
1415 4316 1440 4383 7,
