3160 4990
616 381 829 449 ..ηιμἡ

136 552 225 614 virtus
249 559 309 629 est,
333 557 489 630 quaeritur,
513 561 607 614 utrum
622 557 771 615 Abraham
786 549 971 635 δικαιοσύνην
982 554 1042 626 jam
1058 551 1182 627 aliquam
1200 547 1310 612 habue-

136 660 188 733 rit,
211 659 249 718 ad
272 676 355 733 quam
378 660 568 718 adnumerata
590 661 628 719 sit
648 675 723 719 nova
737 652 907 740 δικαιοσύνη
921 691 964 700 -
979 656 1055 732 quod
1069 656 1190 715 Paulum
1204 671 1310 730 negare

136 766 259 837 apparet
272 795 315 804 —-
330 777 366 820 an
381 762 487 821 Paulus
509 763 579 821 velit
602 763 712 835 dicere,
734 763 829 821 Deum
851 762 998 820 nominare
1020 761 1156 819 virtutem
1181 758 1212 817 id
1234 757 1311 832 quod

135 867 227 924 virtus
249 882 306 924 non
333 866 378 925 sit.
424 864 498 937 Quid
526 867 602 939 quod
623 867 653 940 4,
677 868 695 924 6
723 864 805 924 dicit:
831 860 979 945 λογίζεται
1005 855 1191 943 δικαιοσύνην
1219 856 1311 944 χωρίς

136 963 249 1051 eppei?
293 967 324 1026 Si
345 968 382 1026 de
402 970 508 1028 virtute
530 970 635 1042 agitur,
658 984 752 1028 nonne
774 969 803 1026 in
826 967 961 1042 operibus
983 959 1019 1028 τὸ
1041 961 1215 1046 lapidabitur
1236 981 1310 1024 sem·

136 1087 190 1146 per
212 1068 365 1130 versatur?
409 1071 545 1144 Accedit,
567 1071 642 1145 quod
663 1088 690 1130 ν.
706 1072 735 1132 8.
759 1071 894 1145 legimur:
918 1063 950 1132 ού
972 1063 1016 1151 μὴ
1037 1065 1193 1150 λογίσηται
1213 1062 1312 1151 κύριος

137 1168 289 1256 ἁμαρτίαν
310 1174 346 1236 of.
364 1175 395 1248 5,
421 1177 472 1252 13,
494 1175 571 1235 unde
593 1175 774 1250 cognoscitur
796 1190 853 1234 non
872 1173 908 1232 de
929 1165 1032 1255 ἀδικίᾳ
1047 1171 1092 1231 vel
1106 1165 1312 1254 παραβάσεσιν

137 1279 197 1352 agi,
219 1277 271 1336 sed
293 1278 329 1336 de
351 1294 385 1337 eo
408 1277 485 1352 quod
505 1280 571 1339 inde
587 1282 794 1353 consequatur:
816 1278 979 1352 peccavisse
1001 1275 1131 1335 homines
1152 1274 1231 1334 Deus
1253 1292 1311 1335 non

136 1386 232 1456 potest
267 1398 388 1455 negare,
424 1382 475 1442 sed
511 1399 583 1458 quae
617 1383 683 1441 inde
720 1385 878 1457 sequuntur
911 1397 969 1440 non
997 1396 1110 1454 semper
1145 1383 1174 1439 et
1205 1379 1311 1454 ubique

139 1484 310 1546 concludere
332 1487 405 1559 vult,
433 1479 585 1568 ἁμαρτίαν
607 1481 639 1548 ού
660 1479 859 1566 λογιζόμενος,
888 1483 939 1542 sed
961 1477 1147 1563 δικαιοσύνην
1168 1481 1311 1559 „Schmo-

139 1587 276 1649 freibeit“
288 1587 327 1666 1)v
343 1594 471 1650 statuens
501 1590 583 1650 Rom.
613 1589 646 1663 5,
674 1591 702 1652 6.
732 1590 786 1661 11;
817 1592 849 1646 ut
879 1588 965 1646 etiam
994 1587 1018 1644 si
1046 1581 1099 1659 εἰς
1125 1581 1311 1669 δικαιοσύνην

139 1692 260 1766 legimus
282 1693 451 1753 vertendum
472 1693 540 1752 mihi
563 1691 708 1752 videatur:
739 1695 771 1752 ut
793 1695 885 1752 status
909 1683 1096 1771 δικαιοσύνης
1117 1687 1311 1765 proveniat’)

221 1797 306 1856 Nunc
326 1802 423 1856 autem
450 1796 598 1871 quaeritur
628 1794 799 1869 quomodo
825 1793 983 1854 homines
1004 1793 1040 1852 iu
1061 1791 1153 1852 hunc
1181 1798 1311 1852 statum

138 1893 372 1981 δικαιοσύνης
401 1901 546 1958 intrent
590 1898 685 1958 Unum
715 1897 849 1958 vidimus:
880 1911 964 1956 nemo
994 1895 1114 1970 poterit,
1144 1896 1199 1954 uisi
1227 1912 1312 1971 quem

136 2003 215 2062 Deus
239 2002 399 2074 admiserit3
421 2003 517 2077 agitur
543 2002 618 2060 enim
640 2001 676 2062 de
699 2017 734 2061 ea
756 2017 803 2073 re,
833 2017 918 2076 quarn
947 2016 1031 2059 nemo
1061 2003 1156 2074 potest
1184 1998 1311 2060 tribuere

138 2107 193 2164 nisi
227 2106 307 2165 Deus
339 2107 411 2179 ipse.
466 2103 596 2164 Secundo
631 2108 766 2180 apparet,
799 2105 942 2163 neminem
975 2119 1039 2162 eum
1073 2101 1225 2164 admittere
1257 2105 1313 2164 nisi

138 2224 218 2268 mera
241 2209 338 2282 gratia
360 2207 396 2269 cf.
417 2207 500 2268 Rom.
525 2209 573 2283 10,
597 2211 629 2281 63
655 2225 740 2269 nemo
762 2209 838 2268 enim
860 2207 961 2282 dignus
985 2213 1040 2282 est,
1071 2207 1120 2282 qui
1146 2223 1197 2266 suo
1223 2209 1312 2282 ipsius

138 2313 243 2370 merito
271 2310 447 2384 admittatur,
474 2311 510 2374 cf.
534 2311 595 2371 Gal.
624 2313 657 2388 2,
686 2313 740 2392 213
766 2313 848 2372 Rom.
877 2313 912 2385 3,
944 2312 961 2368 9
990 2327 1027 2372 ss.
1081 2310 1231 2370 Neminem
1262 2311 1314 2370 ad·

139 2416 248 2487 mittet,
276 2415 324 2488 qui
346 2420 378 2473 ut
401 2414 570 2474 admittatur
593 2414 764 2492 postulabit,
787 2424 868 2476 suum
889 2415 977 2488 ipsius
999 2411 1149 2488 proferens
1170 2415 1312 2492 meritum,

138 2517 193 2576 Dei
221 2517 385 2577 deminuens
407 2519 559 2591 honorem3
587 2521 674 2578 immo
704 2534 754 2581 eos
776 2520 852 2578 solos
872 2518 982 2592 poterit
1004 2515 1157 2576 admittere
1180 2519 1229 2592 qui
1250 2519 1313 2579 Deo

139 2626 231 2680 totum
257 2623 385 2682 tribuent
411 2623 549 2681 honorem
577 2621 621 2700 (p.
645 2623 702 2698 21)
733 2623 778 2682 vel
804 2620 898 2696 potius
925 2621 954 2680 ei
979 2636 1042 2680 sese
1068 2619 1192 2680 subdent
1218 2622 1314 2683 condi·

140 2725 226 2797 cioni,
256 2742 313 2799 qua
339 2719 414 2801 δόξα
439 2723 514 2790 {tenir
536 2725 730 2800 proclamatur
753 2728 782 2783 et
808 2727 936 2796 augetur.
981 2723 1111 2783 Tertium
1141 2723 1313 2802 addendum,

139 2827 203 2886 Deo
233 2844 291 2887 non
319 2830 388 2888 satis
417 2829 508 2889 visum
539 2844 601 2888 esse
639 2826 801 2908 hominibus
829 2831 949 2900 peccata
977 2828 1141 2904 remittere,
1172 2828 1224 2887 sed
1254 2827 1313 2888 filio

140 2946 193 2988 suo
222 2935 335 2990 mortno
358 2929 421 2990 Gal.
445 2933 473 3008 3,
499 2932 536 2990 13
560 2931 596 2989 al.
618 2931 880 2989 reconciliationem
902 2929 1000 2990 mundi
1021 2931 1167 3004 paravisse
1188 2931 1224 2994 ΙΙ.
1247 2931 1314 2994 Cor.

141 3033 170 3107 5,
201 3033 240 3091 18
268 3050 317 3106 ss,
345 3038 377 3091 ut
404 3038 603 3108 cognoscatur,
628 3032 722 3093 Deum
748 3048 805 3092 non
833 3033 923 3092 solum
950 3034 1119 3108 benignum,
1149 3033 1202 3094 sed
1228 3035 1314 3093 etiam

141 3141 273 3196 sanctum
295 3153 357 3196 esse
380 3153 473 3212 neque
489 3153 525 3197 ex
538 3136 658 3197 libidine
672 3133 698 3213 ⁸)
720 3137 849 3196 homines
864 3136 1029 3211 admittere,
1052 3134 1104 3194 sed
1119 3134 1314 3196 satisfactione

141 3239 220 3300 facta
251 3257 306 3315 pro
337 3241 446 3300 violata
474 3240 621 3299 voluntate
652 3255 712 3300 sua.
763 3241 829 3300 Jam
864 3239 1058 3315 intelligimus,
1091 3238 1160 3312 quid
1187 3239 1314 3313 postulet

142 3387 197 3429 non
215 3391 275 3428 cum
294 3373 426 3429 Ritsohlio
451 3374 508 3428 viro
524 3374 678 3429 doctissimo
697 3373 815 3442 (altbert.
840 3377 873 3426 K.
887 3393 914 3439 p.
933 3371 977 3441 90)
1000 3371 1221 3441 justificationem
1244 3371 1314 3426 velle

142 3462 226 3515 semel
245 3461 346 3517 factam
363 3475 423 3517 esse
436 3460 471 3514 de
483 3460 603 3514 omnibus
612 3458 749 3528 fidelibus,
767 3457 815 3514 sed
827 3459 861 3513 de
873 3457 994 3528 siugulis,
1005 3473 1093 3526 neque
1107 3458 1314 3527 (Recltsertipunq

142 3548 183 3612 11,
204 3545 393 3615 p.160.214,
417 3546 450 3600 cf.
466 3547 555 3614 Weiss,
574 3567 600 3614 p.
621 3545 681 3615 319)
705 3545 847 3600 ecelesiam
870 3560 930 3600 esse
954 3544 1090 3613 objectum
1104 3543 1314 3613 iustificationis,

142 3634 191 3688 sed
208 3629 336 3701 singulos.
451 3693 456 3705 ⁶

232 3722 251 3788 ¹)
270 3719 308 3774 Cf.
329 3721 425 3789 mant,
444 3720 460 3774 l.
479 3738 498 3772 c.
511 3723 535 3784 §.
549 3715 593 3773 25.
606 3748 639 3758 -
652 3715 673 3787 ²)
693 3717 812 3787 Plitppi,
832 3715 1009 3786 Oomm.1866‚
1024 3736 1049 3783 p.
1063 3716 1124 3772 128.
1136 3747 1169 3757 -
1183 3715 1202 3784 ³)
1221 3711 1312 3771 Homi-

142 3819 205 3861 nem
226 3823 282 3861 non
305 3807 362 3860 sine
387 3806 543 3861 condicione
565 3805 593 3858 in
615 3811 715 3860 statum
737 3804 860 3873 justitiae
884 3804 1001 3872 intrare,
1027 3803 1128 3871 optime
1152 3801 1314 3870 intelligitur

143 3891 219 3948 Rom.
239 3892 272 3947 10
294 3892 364 3962 init,
387 3893 434 3947 ubi
459 3890 599 3961 explorato
625 3891 690 3960 quid
712 3890 808 3958 legalis
828 3890 937 3959 Justitia
955 3888 1028 3944 dicat
1053 3887 1187 3957 ,iustitiam
1209 3885 1272 3941 fidei
1290 3903 1313 3941 ν.

143 3979 167 4033 b.
187 3979 326 4047 apostolus
351 3979 416 4033 facit
441 3984 577 4033 vetantem
604 3983 631 4032 et
656 3977 846 4046 imperantem:
873 3983 910 4046 μη
936 3977 1011 4048 εἴπης
1034 4017 1040 4029 .
1064 4016 1069 4029 .
1093 3970 1251 4044 ομολογήσης
1275 4014 1281 4027 .
1306 4009 1313 4029 .

143 4063 289 4135 πιστεύσῃς.
338 4065 377 4119 Cf.
408 4067 507 4134 Datne,
536 4066 552 4118 l.
584 4083 604 4117 e.
631 4083 657 4130 p.
688 4063 729 4117 76.
774 4063 862 4118 Velim
889 4066 942 4117 hoc
969 4062 1030 4116 loco
1059 4060 1160 4129 dicere,
1190 4075 1232 4112 me
1259 4074 1314 4112 non

144 4153 272 4220 ignorare
291 4151 452 4218 objectivam
469 4149 533 4204 fidei
550 4156 662 4219 partem.
692 4149 776 4203 Immo
792 4153 881 4203 totum
893 4148 1007 4202 Paulum
1019 4148 1076 4202 seio
1088 4148 1116 4201 in
1128 4147 1155 4200 in
1168 4145 1314 4201 coversari

145 4245 176 4292 ut
192 4235 328 4292 Christum
346 4237 487 4307 praedicet
503 4252 553 4305 pro
572 4236 649 4289 nobis
667 4242 800 4288 mortuum
819 4237 846 4288 et
868 4234 957 4288 virum
975 4240 1056 4301 atque
1074 4249 1157 4303 supra
1176 4235 1246 4302 (pag.
1265 4234 1314 4288 la.

146 4322 193 4390 al.)
219 4325 286 4378 satis
313 4324 472 4393 exposuisse
499 4321 563 4376 mibi
589 4320 689 4376 videor.
731 4321 826 4375 Fidem
852 4335 915 4375 raro
943 4320 1067 4375 existimo
1093 4333 1153 4375 esee
1179 4319 1314 4374 notionem

146 4408 335 4480 subjectivum,
354 4410 475 4478 quamvis
493 4409 518 4464 ei
537 4407 669 4478 objectiva
687 4409 849 4476 respondeat
869 4421 941 4475 pars.
