3160 4990
765 361 977 422 -50..

290 528 329 588 18
352 545 383 605 a,
412 529 454 588 ita
483 546 566 601 vero,
595 534 628 587 ut
657 528 845 604 principalem
875 530 960 589 fidem
991 529 1098 588 habere
1128 529 1221 589 locum
1251 547 1307 590 non
1339 529 1458 591 difficile

287 637 487 706 cognoscatur.

201 721 206 731 '
372 736 460 796 Fides
487 753 543 795 non
570 741 666 810 potest
692 753 755 796 esse
779 738 840 795 sine
864 737 1026 811 cognitione
1048 737 1184 810 quadam3
1213 738 1309 810 agitur
1331 737 1405 796 enim
1428 739 1461 795 in

287 839 343 898 fide
371 839 407 898 de
439 841 561 900 veritate
591 839 806 914 cognoscenda:
838 838 909 898 fides
941 841 1015 898 actio
1047 845 1092 897 est
1121 841 1242 899 bominis
1272 840 1462 913 intelligentis

287 942 322 1002 cf.
350 944 373 1008 i.
402 942 474 1003 Tim.
502 943 535 1014 2,
567 945 630 1000 48.
683 943 790 1014 Quodsi
819 939 918 1015 πίστις
952 949 981 1001 et
1012 935 1145 1024 άλήὶιεια
1180 944 1392 1016 conjunguntur
1421 944 1462 1002 ib.

287 1065 312 1106 ν.
338 1048 376 1121 7.,
408 1045 554 1104 Hutherus
584 1045 656 1104 bene
684 1046 762 1104 illam
785 1044 864 1121 „dos
893 1043 1042 1128 subjective
1065 1039 1252 1119 Verboltcn“,
1280 1047 1354 1105 hanc
1380 1045 1463 1120 „dau

289 1147 421 1232 objectiva
448 1142 531 1208 Gat“
555 1144 623 1207 esse‘
641 1149 755 1224 scribit,
778 1150 802 1206 si
824 1149 939 1223 quidem
960 1167 985 1206 v.
1012 1150 1059 1210 15.
1091 1148 1125 1208 ci.
1150 1150 1178 1225 4,
1204 1150 1255 1220 123
1278 1149 1313 1208 ΙΙ.
1336 1149 1408 1210 Tim.
1434 1151 1464 1222 1,

291 1255 342 1324 13;
368 1253 395 1329 2,
420 1253 476 1330 22,
500 1253 528 1323 3,
554 1253 591 1308 10
614 1249 685 1310 fides
709 1269 772 1312 cum
794 1252 858 1310 aliis
881 1253 1041 1311 actionibus
1064 1252 1276 1330 „subjectivis“
1301 1253 1344 1311 vel
1364 1253 1465 1326 potius

287 1358 417 1415 humanis
433 1355 621 1428 conjungitur,
642 1355 752 1414 scilicet
767 1372 831 1413 cnm
846 1349 952 1437 ἀγάπῃ
969 1362 998 1414 et
1013 1349 1152 1440 ἁγιασμῷ
1166 1349 1246 1437 μετὰ
1260 1350 1463 1438 σωφροσύνης.

287 1459 356 1518 Inde
383 1461 469 1518 etiam
496 1459 550 1516 hoo
573 1463 707 1532 apparet,
735 1474 792 1517 non
818 1458 905 1517 soiius
931 1458 1107 1534 intellectum
1137 1459 1187 1518 sed
1214 1460 1303 1517 totius
1331 1458 1466 1529 homiuiS,

287 1565 441 1638 praecipue
469 1568 564 1622 autem
591 1562 757 1634 voluntatis,
790 1577 853 1620 eam
881 1578 944 1620 esse
970 1563 1128 1635 actionem,
1157 1562 1191 1620 cf.
1215 1563 1251 1620 II.
1275 1563 1346 1623 Tim.
1370 1563 1397 1632 3,
1421 1562 1465 1633 5.‚

287 1685 379 1742 neque
407 1668 490 1725 simul
516 1672 545 1725 et
573 1665 660 1738 incipi
686 1669 715 1723 et
740 1664 829 1741 finiri,
856 1665 907 1724 sed
930 1664 1037 1724 debere
1060 1665 1169 1724 fideles
1182 1664 1277 1746 μένειν
1300 1662 1330 1727 ἐν
1352 1660 1463 1740 πίστει,

286 1771 309 1831 I.
325 1771 397 1832 Tim.
413 1771 441 1843 2,
466 1769 504 1827 15
529 1767 563 1828 ci.
580 1769 608 1845 4,
634 1770 664 1840 1;
692 1771 719 1842 6,
744 1769 861 1839 11.12;
885 1769 913 1842 4,
938 1769 985 1828 17.
1019 1769 1064 1828 Ex
1086 1768 1142 1828 fide
1164 1754 1298 1842 provenit
1318 1762 1466 1849 ὁμολογία

288 1873 330 1952 (6,
356 1875 394 1935 12
418 1874 466 1949 al.)
489 1874 547 1931 oris
570 1889 667 1930 coram
689 1872 811 1930 testibus
834 1875 863 1931 et
883 1865 979 1953 πολλὴ
1001 1867 1153 1953 παρρησία
1176 1872 1204 1946 3,
1229 1873 1277 1930 31.

372 1977 521 2049 Objeotum
554 1993 623 2035 vero
657 1974 725 2034 fidei
758 1981 802 2034 est
834 1974 911 2034 Deus
943 1992 1014 2034 unua
1045 1980 1076 2032 et
1106 1993 1177 2033 unus
1208 1976 1349 2033 mediator
1376 1973 1465 2032 Jesus

289 2082 420 2140 Christus
452 2082 475 2144 Ι.
504 2081 576 2140 Tim.
608 2081 639 2152 2,
672 2080 692 2136 4
721 2095 753 2152 s,
787 2078 865 2138 Deus
893 2080 985 2152 vivus,
1020 2073 1118 2159 σωτήρ
1151 2080 1274 2136 omnium
1309 2077 1467 2148 homiuum,

289 2186 409 2243 maxime
424 2184 551 2244 fidelium
567 2183 595 2256 4,
618 2184 656 2239 10
672 2181 707 2240 cf.
723 2183 751 2257 6,
777 2182 833 2252 17,
855 2183 939 2240 iesus
954 2181 1085 2240 Christus
1101 2178 1295 2262 ἐγηγερμένος
1310 2178 1345 2241 ἐκ
1355 2181 1467 2261 νεκρῶν

288 2287 324 2349 Π.
340 2288 412 2348 Tim.
429 2265 461 2358 2,
480 2287 517 2359 Β,
539 2287 646 2345 veritas
666 2286 689 2345 Ι.
705 2283 778 2345 Tim.
796 2285 824 2355 2,
846 2284 881 2362 4;
904 2284 933 2357 4,
957 2285 994 2356 3,,
1017 2286 1183 2357 mysterium
1206 2284 1233 2355 3,
1257 2285 1284 2341 9.
1322 2283 1464 2356 Quamob-

288 2405 348 2448 rem
370 2389 442 2446 fides
462 2405 532 2447 sana
555 2389 592 2446 sit
614 2392 731 2461 oportet
752 2389 810 2445 sive
844 2389 901 2446 sint
932 2386 1031 2465 fideles
1064 2381 1241 2468 incutiuntur
1265 2386 1321 2449 Tit.
1350 2388 1380 2465 1,
1406 2388 1465 2460 13,

289 2511 346 2553 non
369 2493 480 2552 scilicet
501 2493 616 2551 veritati
640 2492 768 2550 volentes
791 2492 934 2564 imperare
956 2491 1008 2549 sed
1031 2491 1187 2550 secuudum
1209 2491 1361 2548 veritatem
1375 2487 1466 2547 fidem

290 2614 370 2656 suam
391 2604 421 2656 et
439 2597 632 2670 cognitionem
652 2595 824 2666 dirigentes,
847 2593 882 2652 cf.
898 2610 963 2667 pag.
981 2594 1030 2652 37.
1065 2593 1259 2652 Vehementer
1275 2592 1318 2650 his
1334 2594 1466 2665 epistolis

289 2717 361 2760 sana
370 2700 532 2775 postulatur
545 2699 688 2777 doctrina3
700 2697 865 2756 doctoribus
878 2698 952 2756 enim
965 2693 1104 2769 evangelii
1116 2697 1242 2769 scriptae
1254 2699 1319 2754 suut
1332 2695 1367 2752 de
1381 2701 1465 2753 recto

290 2803 412 2864 docendi
427 2803 524 2874 modo;
541 2819 606 2861 nam
623 2803 690 2876 quia
705 2801 740 2860 de
755 2801 841 2860 rebus
857 2817 875 2858 a
889 2801 953 2859 Deo
968 2800 1102 2858 revelatis
1117 2801 1146 2857 in
1161 2799 1217 2858 fide
1232 2800 1242 2855 i
1258 2814 1344 2872 opere
1360 2801 1464 2870 agitur,

289 2926 383 2983 neque
395 2924 467 2982 quae
482 2907 640 2966 doceantur
655 2921 746 2978 neque
761 2903 903 2978 quomodo
920 2902 1077 2962 doceantur
1089 2902 1170 2965 nulia
1180 2900 1289 2960 referre
1301 2901 1357 2959 dici
1370 2907 1466 2976 potest

290 3013 327 3076 ci.
342 3013 364 3074 1.
380 3012 452 3070 Tim.
469 3011 501 3086 4,
518 3013 553 3090 63
570 3012 600 3082 6,
617 3010 673 3085 30;
693 3008 730 3066 lI.
746 3007 817 3066 Tim.
836 3008 862 3079 1,
880 3008 926 3066 13.
962 3007 1034 3079 Quin
1050 3005 1213 3080 Scripturas
1230 3004 1333 3063 Sacrae
1352 3005 1464 3064 Veteris

290 3117 470 3178 Testamenti
491 3114 611 3187 respicit
636 3114 660 3170 is
687 3113 735 3184 qui
760 3111 877 3184 scripsit
898 3110 983 3168 modo
1006 3111 1036 3167 in
1058 3111 1161 3168 ceteris
1183 3110 1312 3182 epistolis
1333 3107 1463 3166 Paulinis

290 3220 418 3280 inaudito
440 3219 477 3278 H.
493 3218 565 3278 Tim.
581 3218 609 3288 3,
635 3216 782 3286 14-16;
804 3207 846 3276 τὰ
868 3207 933 3294 ἱερὰ
948 3207 1117 3295 γράμματα
1140 3211 1213 3270 enim
1237 3228 1463 3271 commemoran-

289 3333 337 3384 tur
358 3330 388 3384 et
409 3315 511 3405 γραφὴ
532 3315 733 3393 δεόπνενστος
756 3318 907 3398 dicuntur;
929 3317 981 3376 scd
1001 3316 1071 3374 nihil
1086 3315 1196 3390 obstat,
1220 3317 1369 3389 quominus
1384 3315 1463 3373 Deus

290 3426 450 3487 hominibus
487 3424 621 3486 fidelibus
659 3422 822 3497 Scripturas
861 3420 963 3480 sacras
1000 3419 1142 3479 dediderit
1178 3418 1216 3476 ad
1252 3415 1461 3494 διδασκαλίαν,

289 3524 422 3612 ἔλεγχον,
446 3522 660 3609 ἐπανόρῗνωσιν,
688 3521 826 3588 παιδείαν
847 3517 902 3606 τὴν
925 3521 955 3585 έν
977 3517 1160 3602 δικαιοσύνῃ,
1188 3522 1310 3596 denique
1337 3524 1374 3581 ad
1396 3521 1464 3582 fidei

288 3636 430 3694 uodonem
453 3631 626 3706 augendam,
648 3629 881 3702 confirmandam,
903 3626 1093 3701 probandam,
1117 3643 1204 3700 supra
1225 3642 1291 3701 pag.
1314 3627 1356 3685 40
1371 3645 1408 3687 ss.

375 3738 440 3796 Non
462 3741 544 3795 caute
567 3735 681 3794 videtur
703 3735 810 3792 dictum
833 3747 895 3791 esse
918 3731 941 3792 1.
965 3731 1036 3792 Tim.
1061 3731 1089 3807 2,
1116 3730 1172 3803 15,
1199 3729 1333 3790 feminam
1356 3732 1463 3791 salvari

289 3837 340 3904 διὰ
361 3841 417 3922 τῆς
438 3834 638 3920 τεκνογονίας,
670 3837 721 3896 sed
743 3837 872 3896 additur:
904 3828 956 3896 ἐὰν
978 3829 1114 3915 μείνωσιν
1136 3831 1167 3894 ίν
1188 3829 1293 3894 πίστει.
1338 3834 1411 3892 Item
1434 3833 1461 3908 4,

293 3948 331 4004 16
347 3946 370 4002 si
385 3945 519 4018 legimus:
540 3941 627 4003 τοῖπο
647 3934 703 4022 γὰρ
722 3938 811 4002 ποιῶν
825 3933 879 4001 καί
894 3931 1018 4000 σεαυτὸν
1032 3931 1134 4010 σώσεις
1148 3930 1202 3998 καί
1216 3931 1285 4009 τοὺς
1300 3929 1462 4008 ἀκούοντάς

290 4067 355 4122 σου,
373 4063 408 4106 ea
422 4064 496 4120 quae
511 4045 678 4104 Timotheus
693 4044 764 4103 facit
778 4061 835 4102 non
853 4042 981 4101 ultimam
995 4041 1137 4115 praebent
1153 4057 1267 4100 oausam
1281 4040 1334 4102 τοῦ
1348 4034 1464 4115 σώσειν,

290 4157 370 4212 tenet
395 4151 471 4210 enim
502 4153 531 4209 et
563 4153 660 4208 servat
690 4163 724 4206 ea
758 4163 829 4220 quae
860 4147 939 4205 Deus
961 4144 1049 4204 donat
1068 4145 1124 4204 Tit.
1140 4145 1167 4218 2,
1193 4142 1328 4214 11-14;
1351 4144 1373 4202 Ι.
1388 4143 1462 4204 Tim.

292 4256 319 4328 6,
343 4253 592 4326 amitttat,
615 4252 646 4330 2;
671 4251 699 4327 3,
725 4250 778 4322 14;
802 4251 829 4323 4,
853 4249 908 4309 Ta.
952 4250 1042 4309 Omne
1062 4247 1151 4320 igitur
1166 4254 1315 4322 peccatum
1330 4241 1463 4305 christia·

290 4365 392 4418 uorum
408 4358 444 4418 ob
462 4373 526 4416 eam
542 4373 604 4416 rem
619 4359 768 4429 peccatum
785 4359 830 4413 est
848 4356 913 4428 quia
927 4355 951 4413 is
963 4353 1011 4427 qui
1022 4354 1153 4427 peccavit
1163 4345 1218 4434 τὴν
1229 4347 1326 4413 πίστιν
1336 4341 1464 4432 ἤρνηται
