3160 4990
616 379 830 442 ..59-

131 553 172 614 sit
204 552 274 612 fides
304 553 396 628 primo
425 551 538 629 audito,
569 549 680 610 scilieet
702 567 775 626 opus
798 544 909 632 (legis),
938 546 1006 624 quid
1027 547 1144 608 tandem
1167 547 1205 608 sit
1235 547 1307 608 fides

131 654 335 716 difficillimum
369 654 461 714 visum
485 659 530 714 est
552 654 658 714 dicere.
704 653 822 730 Semper
852 653 927 712 enim
957 652 1005 711 vel
1027 651 1194 712 nolentibus
1219 650 1256 712 iis
1277 651 1307 712 in

129 758 231 818 animo
262 762 324 818 erat
353 759 401 818 vel
431 757 487 834 ipsi
516 756 741 835 profitebantur,
773 776 836 816 eam
866 773 931 816 esse
960 754 1105 815 actionem
1127 753 1307 831 spiritualem

128 860 270 938 hominis;
301 862 353 922 sed
379 861 508 921 actiones
535 859 701 937 spirituales
731 863 767 921 ab
797 859 935 937 operibus
965 859 1038 934 legis
1061 858 1224 918 discernere
1246 875 1305 918 non

128 964 220 1024 facile
242 964 412 1044 videbatnr;
441 981 528 1041 quam
548 966 586 1024 ob
608 983 669 1024 rem
690 965 846 1024 noluerunt
867 963 954 1022 fidem
981 961 1114 1040 definire,
1142 962 1307 1021 maluerunt

130 1067 309 1128 describere.
352 1067 424 1126 Inde
453 1087 511 1128 non
540 1073 622 1128 ortae
653 1067 782 1145 quidem,
813 1066 865 1127 sed
895 1066 1022 1126 acriores
1052 1065 1176 1126 fortasse
1207 1064 1305 1124 factae

130 1177 201 1230 sunt
229 1171 414 1246 quaestiones
445 1171 513 1230 illae
543 1170 710 1246 saepissime
737 1171 879 1247 repetitae
903 1170 938 1230 de
961 1169 1019 1229 fide
1042 1174 1071 1230 et
1093 1167 1244 1245 operibus,
1268 1168 1306 1227 de

127 1276 227 1334 Paulo
250 1280 279 1334 et
300 1275 425 1352 Jacobo,
448 1275 485 1334 de
507 1258 637 1336 Luthero
661 1278 691 1334 et
712 1273 836 1352 Amdio,
860 1275 969 1334 bellum
990 1271 1063 1332 illud
1086 1271 1305 1333 celeberrimum

126 1377 336 1453 Tubingense;
367 1377 502 1436 necuim
529 1373 562 1439 0.
579 1375 615 1440 F.
631 1375 724 1437 Buur
746 1377 862 1452 quidem
884 1375 955 1436 satis
971 1375 1111 1452 explicuit
1134 1376 1202 1452 quid
1217 1376 1303 1435 fidem

126 1482 242 1540 Paulus
258 1476 463 1563 dicatesse.1)
507 1482 593 1540 Nunc
615 1480 702 1540 velim
724 1480 934 1554 aliquantulum
949 1479 1096 1538 attulerim
1118 1479 1303 1538 1111111111-

127 1583 200 1642 dum
219 1565 417 1661 obstaculum,
442 1580 529 1658 quum
551 1582 607 1642 nisi
628 1583 715 1642 fallor
736 1582 996 1643 demonstraverim
1019 1583 1137 1642 Paulum
1161 1587 1190 1642 et
1211 1584 1305 1658 ipsum
1335 1579 1340 1595 '

126 1687 207 1745 inter
226 1687 355 1747 actiones
370 1685 494 1746 hominis
516 1685 682 1762 spirituales
703 1685 790 1746 fidem
804 1686 924 1746 habere.
968 1687 1099 1745 Alteram
1114 1689 1227 1761 partem
1244 1683 1306 1743 veri

127 1790 254 1850 fortasse
269 1789 353 1849 nimis
368 1808 472 1868 urgeo,
497 1791 590 1850 altera
612 1794 696 1866 parte
719 1795 797 1850 certe
820 1789 891 1849 satis
914 1789 1002 1849 elata.
1046 1785 1207 1847 Ecclesiam
1234 1805 1305 1846 vero

130 1887 294 1975 1111111111)
306 1893 336 1951 in
351 1911 382 1952 re
397 1893 462 1969 ipsa
476 1911 552 1970 nego
569 1911 695 1970 errasse,
719 1894 875 1970 theologos
895 1894 987 1952 solum
1015 1891 1137 1952 formam
1158 1889 1303 1965 theologi·

132 2013 195 2054 cam
218 1995 409 2056 difficiliorem
437 1977 608 2057 reddidisse.
652 1997 720 2070 Non
750 1995 825 2056 enim
855 2013 949 2056 novas
981 2013 1028 2056 res
1058 1995 1127 2057 mihi
1149 1994 1252 2058 videor
1274 1993 1304 2054 in

130 2098 256 2158 medium
279 2099 443 2174 protulisse.
455 2094 482 2181 3)

221 2301 239 2369 ¹)
257 2302 297 2358 Cf.
316 2302 416 2352 Lcedler
433 2318 457 2354 v.
477 2301 502 2354 d.
521 2302 538 2354 l.
557 2318 580 2355 c.
598 2319 624 2370 p.
642 2301 684 2354 66.
710 2331 740 2339 -
764 2298 785 2369 ²)
805 2301 844 2356 (if.
862 2302 942 2370 Apol.
961 2301 1038 2356 (loni.
1057 2301 1104 2369 IV,
1122 2301 1168 2356 ¹18:
1197 2300 1263 2356 fides
1277 2339 1302 2356 ·.

126 2389 259 2442 11111111
277 2393 304 2443 11
322 2387 445 2455 accipere
464 2387 583 2441 oblatam
600 2387 805 2457 promissionem
823 2402 858 2441 ss.
877 2417 910 2426 -
929 2386 951 2454 3)
969 2387 1066 2442 Liceat
1090 2390 1186 2441 testem
1205 2386 1304 2442 afferre

126 2475 296 2537 Ruclertium,
315 2473 333 2527 l.
352 2489 374 2526 c.
392 2489 419 2540 p.
438 2473 488 2526 266
506 2473 652 2528 dicentem:
679 2475 899 2542 „Lulderwusete,
917 2475 1026 2524 murder
1047 2473 1136 2523 Glande
1154 2481 1227 2541 wilre,
1251 2475 1307 2526 weil

126 2562 178 2610 seia
196 2560 273 2610 Lebcu
295 2562 333 2610 ein
350 2560 428 2610 chca
451 2561 482 2610 im
503 2558 606 2611 Gluuben
630 2580 692 2626 cour,
717 2561 769 2612 und
785 2561 848 2610 dalle
865 2561 906 2609 ila
923 2561 986 2610 nicht
1003 2560 1075 2610 allein
1093 2560 1154 2608 noch
1171 2561 1248 2608 seiaer
1265 2561 1303 2608 ob·

130 2647 240 2710 jectiven,
264 2647 363 2695 scadan
387 2647 441 2695 eben
463 2664 489 2695 so
511 2647 565 2696 selr
586 2648 647 2697 nael
663 2648 740 2697 seincr
761 2647 898 2713 mystiscltcu
918 2647 981 2697 Scite
998 2649 1145 2712 despesosst.
1179 2643 1248 2694 Auel
1266 2645 1304 2694 die

130 2731 302 2782 Belccuatm'ese
318 2749 414 2781 unacrcr
431 2731 533 2797 Kirclc,
556 2733 621 2782 lucan
643 2751 697 2782 otuu
714 2750 759 2782 aur
776 2749 820 2782 voa
837 2733 928 2797 ciniqca
950 2732 1172 2798 Uabedolsendeilcn
1189 2733 1220 2780 im
1238 2731 1302 2780 Aus-

130 2817 218 2868 druclce
242 2819 354 2882 absolon,
381 2819 453 2866 1111111
477 2819 543 2868 einen
560 2818 665 2883 Bcp'riff
685 2819 727 2868 des
748 2817 865 2870 Glaubens
891 2820 937 2868 dar
954 2829 996 2872 eto.
1038 2818 1202 2895 Unlcrecdicdc
1221 2817 1303 2886 (inter

128 2903 294 2970 theologiam
310 2903 522 2958 Rdckertianam
541 2909 569 2957 et
586 2903 794 2970 confessionum)
813 2906 911 2970 bleida,
930 2907 972 2955 der
989 2905 1050 2970 dne,
1068 2905 1126 2954 dass
1138 2911 1243 2970 vermoqe
1261 2904 1304 2954 der

131 2989 357 3056 Gruodvorstellunp
374 3009 417 3041 voa
435 2991 477 3040 der
499 2991 606 3057 Uukrosl
623 2991 665 3040 dea
682 2990 810 3041 1111111111
815 3029 821 3056 ,
840 2992 890 3040 und
905 3009 950 3040 oue
968 2991 1069 3054 Farcdt,
1086 2991 1129 3039 der
1146 2990 1212 3040 Edrc
1226 2988 1304 3040 Galles

126 3075 281 3126 audomari
295 3078 463 3141 aozubreelen,
479 3095 533 3127 mun
550 3077 664 3144 usa-sal,
677 3078 735 3126 dass
747 3078 778 3127 im
793 3076 898 3127 Glauden
914 3078 1004 3142 parade
1015 3078 1062 3126 das
1078 3078 1126 3126 dus
1144 3075 1304 3142 Weseatlicdc,

126 3164 187 3212 dosa
204 3179 229 3212 er
247 3163 296 3211 crire
317 3161 381 3212 Tdot
397 3164 438 3212 dea
458 3161 545 3213 Geistcs
561 3164 603 3227 ist,
621 3163 671 3212 aad
687 3163 727 3212 ila
745 3164 817 3214 allelu
829 3181 872 3213 zur
886 3163 1092 3228 Gnadcnwirkunp
1110 3164 1205 3213 maedan
1217 3163 1299 3226 wolllc,

126 3249 193 3298 nicht
215 3248 354 3315 beucdtcud,
378 3249 507 3298 duroman
525 3250 565 3299 ila
586 3248 655 3298 selber
676 3250 785 3300 dadurcd
803 3251 893 3304 uufdob
911 3250 970 3302 etc.“
1004 3248 1150 3316 Existimo,
1170 3247 1303 3302 actionem

126 3335 275 3387 humanam
302 3349 380 3401 posse
407 3350 456 3388 nos
483 3338 575 3389 tenere
604 3333 779 3388 etiamsinon
796 3338 997 3388 contemnamus
1016 3351 1076 3388 eum
1089 3333 1238 3388 Rsrckertio
1257 3334 1303 3387 ob·

124 3419 232 3488 ,jectum
249 3419 317 3472 illud
335 3419 407 3488 quod
425 3419 478 3474 lide
496 3419 635 3489 accipitur.
671 3419 710 3476 Cf.
724 3421 826 3488 Ewold,
844 3421 922 3472 Lclre
939 3439 983 3473 von
1003 3419 1067 3488 Gau,
1086 3422 1104 3471 1
1108 3421 1133 3486 V,
1147 3440 1174 3487 p.
1194 3421 1249 3472 115.
