3160 4990
750 313 962 371 ...56-

284 476 463 542 adnitantur
478 497 494 537 c
509 477 566 537 fide
582 479 678 538 vivere
694 479 860 539 declaravit.
890 482 999 540 Tamen
1013 499 1105 555 neque
1121 485 1217 556 capite
1236 485 1283 544 10.
1300 502 1391 559 neque
1410 488 1459 546 11.

285 588 417 643 naturam
439 580 507 640 fidei
523 583 614 656 ipsam
630 581 763 640 distincte
786 588 816 640 et
839 583 964 642 dilucide
982 583 1100 642 definire
1117 587 1220 657 voluit3
1240 589 1326 647 immo
1343 588 1460 648 demon-

284 689 401 760 stravit,
422 684 509 746 fidem
531 701 668 744 asserem
684 687 808 743 maxims
823 685 1010 760 efferendam,
1027 689 1161 760 quoniam
1176 707 1212 748 ex
1226 707 1261 748 eo
1277 692 1354 750 vivat
1365 693 1461 763 justus

287 791 334 863 10,
358 790 407 850 38.
438 789 510 860 Quia
532 805 599 846 vero
622 789 790 848 attributum
809 791 1008 864 gravissimum
1023 792 1144 850 actionis
1159 791 1225 850 fidei
1241 798 1285 852 est
1306 795 1462 865 certitudo,

284 925 327 936 —-
349 897 401 950 aut
422 893 496 948 enim
518 890 600 949 firme
622 890 722 949 fideles
745 894 837 951 Deum
865 898 966 952 tenent
994 899 1043 950 aut
1065 911 1121 952 nou
1144 900 1243 953 teuent
1265 897 1294 953 iu
1318 890 1460 958 ἀπιστίαν

283 997 516 1056 aberrantes-
537 994 611 1052 adeo
641 999 672 1052 ut
703 996 846 1054 certitudo
878 1013 897 1053 a
927 1001 1032 1054 natura
1060 997 1128 1056 fidei
1158 1014 1190 1056 re
1224 1014 1294 1056 vera
1326 1002 1460 1072 separari

285 1115 342 1158 non
364 1099 469 1174 possit,
492 1115 528 1156 ne
551 1098 644 1168 logice
667 1099 781 1171 quidem
796 1100 820 1156 is
836 1099 885 1171 qui
897 1099 1012 1172 scripsit
1027 1099 1169 1174 distinxit,
1184 1103 1271 1159 immo
1287 1102 1460 1159 attributum

284 1200 353 1261 fidei
374 1206 509 1274 tauquam
532 1205 672 1259 naturam.
687 1199 753 1258 fidei
775 1202 865 1274 ipsam
889 1203 1032 1274 depinxit,
1056 1202 1132 1274 quod
1153 1202 1267 1276 quidem
1283 1209 1361 1263 certe
1376 1204 1461 1262 licuit

284 1321 341 1364 non
364 1303 510 1363 definienti
533 1303 585 1362 sed
606 1304 783 1362 describenti
804 1304 899 1364 fidem.
943 1306 977 1362 ln
1002 1304 1057 1364 hac
1082 1321 1152 1364 vero
1180 1307 1243 1380 ipsa
1270 1324 1303 1364 re
1326 1323 1344 1364 a
1365 1307 1459 1365 Paulo

284 1408 393 1481 differt,
417 1407 546 1481 quodid
568 1407 644 1480 quod
665 1407 835 1467 attributum
857 1409 924 1466 fidei
940 1413 997 1484 cst,
1013 1425 1077 1466 cum
1102 1409 1164 1479 ejus
1190 1414 1294 1470 natura
1320 1409 1459 1482 confudit,

283 1511 330 1569 vei
350 1515 457 1568 statum
479 1510 658 1569 certitudinis
681 1511 768 1568 animi
791 1512 838 1584 qui
861 1529 924 1570 cum
947 1510 1002 1570 fide
1029 1513 1200 1583 conjunctus
1229 1510 1312 1586 est1)
1335 1511 1371 1569 ab
1394 1514 1459 1585 ipsa

283 1614 352 1673 fidei
379 1616 492 1672 actione
517 1631 574 1672 uon
597 1614 737 1673 distinxit.
788 1615 896 1672 Tamen
918 1629 953 1672 ea
976 1631 1048 1686 quae
1071 1615 1165 1686 capite
1195 1615 1242 1673 11.
1265 1615 1459 1686 adjunguntur

283 1717 352 1776 fidei
374 1718 506 1791 exempla
526 1733 583 1774 nou
606 1722 710 1776 statum
734 1718 824 1775 solum
848 1717 934 1774 animi
957 1716 1123 1775 describunt
1145 1717 1195 1774 sed
1211 1719 1353 1776 actionem
1369 1718 1452 1776 etiam

283 1820 350 1878 fidei
371 1821 488 1893 singulis
510 1820 643 1893 operibns
666 1820 904 1892 cognoscendam.
949 1819 1031 1890 Quod
1053 1835 1121 1877 vero
1143 1820 1195 1876 illa
1209 1821 1340 1892 exempla
1356 1820 1454 1878 Veteri

283 1924 434 1996 desumpta
463 1928 529 1980 sunt
550 1924 748 1994 Testamento,
779 1923 845 1981 iude
876 1923 945 1980 mibi
977 1939 1033 1980 uon
1065 1924 1145 1995 sequi
1172 1924 1297 1997 videtur,
1320 1941 1385 1982 enm
1408 1923 1459 1994 qni

284 2028 434 2101 scripserit
465 2026 500 2084 ad
523 2026 672 2085 Hebraeos
703 2043 815 2084 sensum
846 2026 979 2084 latiorem
1015 2025 1149 2084 habuisse
1177 2025 1244 2084 fidei
1267 2022 1459 2106 [Schweplea

284 2126 405 2198 Scitalz,
427 2124 586 2207 Rt'tclcort];
616 2145 682 2188 nam
704 2131 791 2187 etiam
813 2129 920 2187 Paulus
942 2128 1040 2186 laudat
1061 2128 1258 2186 Abrahamum
1273 2146 1288 2187 e
1305 2127 1360 2186 fide
1373 2129 1459 2200 justi-

285 2231 403 2294 ficatum
431 2233 559 2304 aliosque
585 2247 653 2290 vere
681 2229 779 2288 fideles
808 2231 837 2288 in
860 2231 965 2290 Vetere
988 2233 1173 2290 Testamenta
1197 2233 1342 2290 existimat
1362 2231 1459 2303 fuisse,

284 2352 341 2394 non
363 2340 462 2408 patres
484 2333 655 2407 reprobans,
678 2333 729 2390 sed
751 2335 857 2408 legem,
880 2340 965 2406 atque
988 2342 1021 2393 ut
1041 2335 1185 2407 objectum
1207 2335 1274 2394 fidei
1296 2336 1459 2408 principale

283 2439 375 2498 Deum
398 2440 491 2512 ipsum
512 2438 613 2496 statuit
635 2438 727 2495 virum
750 2442 779 2512 et
801 2453 912 2518 rerum,
936 2437 971 2498 cs.
987 2454 1051 2511 pag.
1070 2441 1088 2496 6
1105 2456 1127 2496 s.
1150 2438 1199 2497 35.
1244 2441 1382 2511 Apparet,
1398 2455 1460 2495 rem

285 2541 459 2615 descriptam
482 2539 602 2599 candem
627 2556 691 2598 esse
714 2545 799 2612 atque
833 2539 907 2614 apud
940 2540 1069 2613 Paulum,
1092 2542 1210 2600 Paulum
1233 2558 1302 2599 vero
1329 2542 1460 2614 sagacius

285 2651 315 2703 et
334 2645 498 2704 accuratius
524 2649 554 2702 et
579 2661 616 2701 ex
641 2644 699 2701 alia
721 2648 804 2715 parte
830 2659 891 2700 rem
912 2643 1106 2716 descripsisse.

369 2748 402 2806 In
425 2748 548 2822 epistola
569 2747 587 2804 J
594 2743 732 2820 acobi2)
755 2747 887 2805 similiter
908 2764 955 2806 res
977 2765 1008 2804 se
1030 2747 1127 2806 habet.
1172 2747 1237 2805 Non
1253 2746 1366 2818 dubito,
1391 2747 1459 2818 quin

283 2850 410 2916 «Iacobus
435 2850 560 2909 noluerit
587 2865 651 2907 cum
673 2849 762 2908 Paulo
789 2867 931 2922 pugnare,
959 2848 995 2909 cf.
1018 2851 1083 2912 Act.
1110 2850 1156 2908 15.
1200 2851 1266 2908 Νοιι
1294 2851 1368 2907 cuim
1395 2853 1455 2906 tam

284 2955 392 3014 acriter
419 2953 532 3026 scribit,
554 2958 585 3011 ut
608 2952 662 3010 hoc
685 2954 849 3011 existimare
870 2955 968 3024 liceat,
991 2970 1083 3025 neque
1108 2973 1171 3015 eam
1193 2956 1341 3026 impugnat
1363 2949 1457 3023 fidem,

285 3074 370 3132 quam
384 3057 490 3116 Paulus
501 3056 663 3130 praedicat,
683 3055 733 3114 sed
751 3071 815 3113 eam
833 3054 900 3113 fidei
920 3055 1055 3131 formam,
1079 3063 1274 3129 contraquam
1294 3057 1343 3114 ille
1356 3057 1457 3128 etipse

283 3166 400 3234 pugnat.
442 3161 477 3218 In
508 3160 562 3218 hoc
584 3175 653 3217 vero
676 3163 719 3217 est
742 3159 907 3230 discrimen,
936 3160 1011 3232 quod
1026 3160 1132 3218 Paulus
1158 3159 1249 3217 falsae
1275 3156 1352 3234 fidei,
1379 3159 1457 3215 inani

284 3264 394 3322 scilicet
423 3262 571 3334 scientiae,
602 3261 669 3320 fidei
699 3278 802 3320 nomeu
833 3264 947 3320 omniuo
979 3278 1034 3321 non
1064 3262 1177 3333 tribuit,
1200 3263 1344 3321 actionem
1367 3262 1455 3319 totius

283 3366 406 3425 hominis
439 3364 524 3423 fidem
557 3381 619 3424 esse
653 3365 830 3437 existimant,
858 3364 984 3423 Jacobus
1017 3383 1098 3432 vero,
1132 3366 1198 3438 quia
1231 3366 1251 3422 ii
1289 3365 1456 3436 quibuscum

283 3469 431 3544 pugnabat
452 3469 503 3527 tali
525 3467 680 3527 utebantur
702 3468 786 3526 modo
808 3468 935 3540 dicendi,
965 3469 1030 3527 huic
1059 3466 1132 3527 falso
1162 3468 1221 3526 sive
1247 3473 1360 3525 mortuo
1390 3465 1457 3522 fidei

370 3707 391 3775 ¹)
412 3706 559 3758 Gertardior
577 3706 593 3758 l.
612 3705 628 3757 l.
648 3723 674 3770 p.
695 3704 756 3757 356.
776 3704 844 3758 368:
875 3703 938 3758 fidei
966 3747 971 3757 .
1000 3746 1006 3757 .
1034 3701 1203 3758 tribuitur
1228 3699 1366 3763 ὑπόστασις
1393 3705 1454 3768 cet,

283 3794 385 3863 quippe
415 3809 485 3862 quae
512 3791 547 3846 ad
573 3790 687 3846 effectus
712 3790 776 3844 fidei
802 3791 946 3858 pertineat.
982 3790 1021 3844 cf.
1050 3797 1140 3844 autem
1164 3807 1189 3858 p.
1208 3789 1304 3842 362ss.
1326 3817 1356 3826 —
1377 3785 1397 3854 ²)
1416 3787 1455 3840 cf.

283 3884 363 3946 Korn,
381 3881 433 3930 Der
451 3880 530 3944 Brief
546 3879 643 3945 Jacoti,
668 3876 786 3942 Tacinpen
800 3875 878 3944 1838,
896 3897 922 3941 p.
937 3876 1031 3930 4-55.
1052 3875 1303 3943 Baur,Paalas,II,
1313 3894 1339 3940 p.
1355 3872 1453 3924 322es.
1554 3899 1555 3904 =

283 3966 384 4035 Sodalz,
399 3987 426 4032 p.
447 3965 499 4016 100
510 3984 530 4018 s.
566 3965 666 4030 Ddlroc,
681 3982 708 4028 p.
727 3963 769 4015 90.
806 3963 957 4030 Latterbeclc,
977 3963 1013 4027 II,
1029 3983 1055 4029 p.
1071 3963 1128 4015 188.
1165 3961 1322 4028 Hilpeafeld,
1337 3961 1393 4010 Dos
1409 3959 1451 4010 Ur-

282 4053 446 4105 cdrr‘steatdam
469 4053 492 4102 in
511 4053 554 4101 den
573 4049 838 4115 Hauptrcendepunktea
855 4050 929 4099 seinos
947 4050 1255 4114 Eottoiclceluaqsprocesaes
1275 4045 1349 4099 1855.
1387 4047 1452 4098 Kat-

282 4141 335 4207 πίε,
346 4140 362 4191 l.
375 4140 391 4192 l.
405 4137 461 4188 266
472 4157 503 4190 ss.
549 4137 582 4190 W.
596 4135 716 4202 Schmidt,
729 4139 782 4186 Der
795 4135 940 4200 Letrpetatr
957 4137 998 4185 des
1012 4136 1235 4200 Jacobas-Brr'ejee,
1250 4132 1326 4202 1869,
1337 4153 1362 4198 p.
1376 4133 1412 4182 96
1423 4151 1454 4185 es.

284 4225 337 4276 157
348 4244 380 4279 ss.
398 4263 401 4268 .
416 4227 554 4292 Hostanen,
573 4222 749 4288 Scdrt'jtbmeis
766 4223 804 4288 II,
814 4241 839 4286 p.
855 4218 908 4270 639
919 4241 950 4275 ss.
985 4223 1076 4290 Reuss,
1089 4221 1208 4274 Histoire
1218 4224 1269 4274 etc.
1283 4219 1305 4286 I,
1317 4237 1343 4288 p.
1357 4218 1406 4271 251
1420 4235 1454 4272 ss.

283 4310 501 4377 Black-Mamm,
517 4330 543 4376 p.
563 4309 599 4360 63
610 4326 641 4361 ss.
676 4309 772 4375 Intater,
788 4327 814 4372 p.
834 4305 889 4356 436
900 4326 920 4360 s.
956 4308 1058 4376 Ritcclrl,
1077 4309 1093 4359 l.
1112 4326 1130 4356 c.
1147 4327 1173 4371 p.
1194 4305 1286 4357 109se.
