3160 4990
635 399 822 460 ..5-

138 571 273 648 precibus
302 568 474 645 aggreditur
507 567 814 628 Thessalonicensium
848 585 946 627 eausa.
999 566 1080 627 Idem
1115 585 1151 626 ex
1184 566 1319 630 versibus

138 673 326 750 sequentibus
349 667 386 755 (Ι,
414 675 440 749 1,
465 672 484 730 4
501 666 555 753 ss.)
578 670 765 748 perspicitur,
786 688 875 746 quum
891 688 1009 730 causam
1025 671 1185 746 gratiarum
1201 689 1318 730 suarum

138 781 242 840 afferat
265 777 424 853 duplicem,
442 774 633 852 subjectivum
649 775 779 851 quidem,
804 774 883 848 quod
903 773 978 834 sciat
1000 769 1125 855 ἐκλογήν
1147 774 1319 834 electionem

138 900 237 944 eorum
253 879 394 955 divinam,
419 897 456 938 ex
472 895 530 953 qua
556 883 751 954 cognoscatur
772 895 854 937 amor
869 877 939 956 Dei,
964 895 1022 952 qua
1043 897 1075 937 re
1098 877 1180 937 addit
1195 871 1319 960 ἀδελφοὶ

137 981 324 1068 ἠγαπημένοι
357 976 412 1044 tre
447 980 522 1045 beeri
545 1017 594 1059 —,
626 987 656 1042 et
686 981 864 1058 objectivam
894 999 922 1039 v.
947 981 1036 1040 fisa:
1068 980 1318 1057 praedicationem

138 1087 285 1164 evangelii
314 1086 391 1146 inter
421 1103 471 1145 eos
502 1085 579 1144 omui
608 1084 763 1161 potestatis
797 1085 913 1145 diuinae
936 1083 1172 1144 manifestatione
1199 1084 1317 1144 factam.

138 1194 226 1252 Velut
247 1190 338 1266 igitur
361 1206 449 1248 causa
471 1187 630 1264 gratiarum
645 1188 732 1248 Pauli
755 1188 879 1249 scientia
902 1189 965 1265 ejus
981 1183 1123 1271 (εἰδότες)
1141 1193 1185 1248 est
1201 1187 1317 1248 electio-

137 1297 182 1356 nis
212 1312 325 1364 corum,
351 1292 392 1352 ita
415 1309 504 1352 eausa
526 1291 595 1351 fidei
619 1297 648 1350 ct
671 1291 802 1352 caritatis
825 1297 856 1352 et
876 1293 940 1367 spei
971 1311 1070 1352 eorum
1100 1309 1181 1352 amor
1210 1291 1268 1352 Dei
1290 1295 1319 1352 et

137 1398 241 1460 electio
266 1401 295 1456 et
316 1395 497 1471 praedicatio
521 1394 681 1473 evangelii,
706 1395 743 1454 cf.
766 1397 804 1472 Η,
830 1397 859 1471 2,
886 1390 973 1477 13.1)

224 1499 375 1571 Quomodo
407 1518 476 1559 vero
507 1498 788 1559 Thessalonicenses
816 1500 891 1560 tales
923 1498 993 1560 laeti
1024 1499 1095 1577 sint,
1125 1502 1228 1575 quales
1250 1497 1318 1576 siut,

137 1605 367 1680 sivequomodo
389 1603 418 1661 in
442 1619 549 1662 novum
571 1601 652 1660 illum
675 1607 784 1663 statum
799 1605 939 1664 moralem
955 1603 1179 1664 christianorum
1194 1601 1320 1680 ingressi

137 1709 206 1786 siut,
231 1708 405 1784 intelligitur
427 1724 456 1764 v.
481 1709 516 1766 6:
549 1705 711 1766 imitatores
738 1706 810 1766 facti
825 1712 893 1767 sunt
908 1702 1102 1789 (ἐγενήῗνητε)
1120 1707 1319 1782 apostolorum

137 1818 166 1873 et
189 1812 306 1872 Domini
339 1810 444 1887 ipsius,
477 1803 633 1890 δεξάμενοι
661 1803 712 1870 τὸν
742 1804 829 1890 λόγον
853 1857 859 1871 .
884 1857 891 1871 .
916 1804 996 1891 μετὰ
1023 1810 1123 1892 χαρᾶς
1149 1803 1320 1898 πνεύματος

137 1910 230 1998 ἁγίου.
287 1915 368 1974 Idem
401 1907 553 1986 δέξασίῑοιι
579 1911 727 1972 invenitur
753 1913 894 1990 Ι,2,13;
924 1912 1063 1988 negative
1091 1913 1261 1990 veroII,2,
1281 1915 1320 1972 10

136 2020 166 2078 in
193 2017 372 2094 infidelibus,
398 2015 507 2091 quippe
535 2014 585 2089 qui
610 2009 645 2075 τὸ
669 2010 819 2090 calama
845 2015 939 2076 nolint
960 2020 1120 2092 praestare.
1165 2010 1320 2090 Δέξασῗναι

136 2142 206 2184 vero
230 2127 275 2182 est
297 2121 374 2182 actio
398 2116 545 2193 quaedam
567 2136 626 2178 una
649 2124 678 2178 et
701 2119 824 2196 simplex
839 2120 896 2180 sibi
912 2119 1103 2180 assumendae
1119 2118 1243 2196 alicujus
1258 2118 1318 2196 rei,

136 2226 206 2303 quia
235 2243 306 2284 vero
336 2223 393 2282 hio·
414 2219 512 2296 agitur
542 2221 578 2280 de
609 2223 699 2282 verbo
726 2223 783 2282 Dei
812 2223 996 2301 praedicato,
1029 2217 1213 2284 existimatur
1242 2222 1318 2282 actio

136 2327 307 2405 spiritualis.
371 2325 469 2400 Atque
507 2324 582 2385 sicut
617 2328 746 2386 ¹verbum
769 2327 825 2387 Dei
862 2344 921 2386 non
959 2327 1021 2387 sine
1062 2327 1172 2387 viribus
1209 2325 1316 2386 divinis

136 2430 324 2510 praedicatur
355 2447 383 2488 v.
408 2429 427 2488 5
451 2432 480 2488 et
512 2427 543 2486 in
575 2427 712 2490 fidelibus
745 2431 845 2491 vivum
882 2450 914 2491 se
947 2435 1081 2507 praestat
1102 2433 1125 2508 Ι,
1150 2432 1178 2509 2,
1205 2433 1253 2507 13,
1279 2463 1317 2474 ·-

136 2537 178 2596 ita
207 2553 244 2594 ne
274 2532 430 2594 assumitur
460 2531 577 2607 quidem
599 2533 670 2599 ¹sine
701 2535 810 2611 Spiritu
840 2535 948 2596 Sancto
977 2537 999 2613 I,
1027 2538 1053 2612 1,
1079 2529 1147 2616 6.1)
1201 2533 1319 2594 Initium

136 2640 224 2715 igitur
257 2637 326 2696 novi
358 2642 452 2697 status
486 2635 637 2696 christiani
670 2637 780 2698 facturn
814 2644 859 2699 est
892 2638 1007 2697 actione
1035 2637 1163 2712 quadam
1193 2639 1320 2698 hnmana

137 2741 293 2818 spirituali,
333 2740 501 2801 assumendi
540 2740 654 2801 scilicet
688 2741 847 2818 evangelii,
883 2741 995 2800 viribus
1028 2761 1046 2800 a
1079 2740 1189 2817 Spiritu
1211 2741 1318 2802 Sancto

137 2844 342 2922 suppeditatis.

223 2946 306 3017 Quae
334 2965 423 3022 quum
449 2947 492 3008 ita
520 2946 591 3023 sint,
620 2941 713 3019 τύπος
742 2945 812 3006 facti
835 2952 903 3007 sunt
925 2947 1206 3032 Thessalonicenses
1229 2947 1318 3010 πᾶσιν

138 3055 202 3123 τοῖς
218 3044 401 3118 πιστεύουσιν
416 3051 439 3127 Ι,
459 3052 486 3127 1,
504 3051 532 3109 7.
579 3045 618 3110 Ol
633 3043 821 3124 πιστεύοντες
836 3056 904 3110 sunt
924 3051 1090 3129 christiani;
1120 3045 1156 3113 τὸ
1172 3045 1319 3113 πιστεύειν

138 3154 227 3230 igitur
250 3152 360 3229 estid,
392 3170 450 3228 quo
474 3152 625 3212 christiani
648 3159 878 3232 cognoscentem
908 3155 965 3214 hac
988 3174 1061 3216 voce
1088 3154 1260 3215 brevissime
1282 3153 1318 3214 si-

138 3257 328 3334 gnificantur,
345 3256 423 3316 unde
442 3255 628 3333 intelligitur,
641 3255 728 3316 fidem
743 3256 820 3317 inter
842 3263 902 3318 tres
916 3258 983 3318 illas
1003 3243 1127 3319 virtutes
1143 3257 1319 3318 christianas

127 3381 170 3422 ·re
199 3380 272 3421 vera
303 3360 482 3434 singularem
512 3360 606 3419 locum
634 3360 777 3432 obtinere.
823 3360 866 3422 ul.
890 3363 913 3439 1,
938 3364 966 3439 2,
994 3364 1042 3421 10.
1070 3363 1123 3440 13,
1148 3364 1186 3438 ΙΙ,
1214 3363 1240 3437 1,
1268 3363 1316 3420 10.

138 3466 242 3540 Neque
273 3464 358 3524 nimis
389 3462 524 3523 celeriter
554 3464 761 3524 concludemus
794 3465 973 3542 cogitantes,
1004 3485 1041 3526 ue
1063 3465 1177 3525 initium
1201 3463 1318 3540 quidem

139 3567 208 3626 novi
231 3568 454 3629 christianorum
477 3571 573 3627 status
595 3566 653 3628 afio
677 3568 763 3628 modo
779 3567 841 3627 fieri
858 3570 945 3643 quam
961 3569 1003 3652 τῷ
1022 3564 1181 3644 πιστεύειν,
1198 3567 1319 3628 utillud

139 3665 289 3746 dtioobou
304 3666 354 3734 τὸν
370 3667 546 3752 hircilidem
560 3670 599 3732 sit
613 3675 703 3746 atque
718 3670 832 3731 initium
843 3673 896 3733 τοῦ
911 3668 1066 3748 πιστεύειν,
1084 3673 1133 3732 vel
1147 3671 1224 3732 idem
1240 3671 1319 3747 quod

139 3809 342 3817 ——-—

227 3891 246 3960 ¹)
264 3891 324 3945 Hoc
342 3891 402 3945 loeo
421 3891 496 3946 Deus
515 3889 613 3945 dieitur
632 3889 746 3946 solvisse
765 3908 814 3947 nos
832 3893 937 3958 (εἵλατο)
958 3891 1063 3946 duabus
1082 3891 1164 3946 rebus
1182 3891 1238 3945 sive
1257 3908 1319 3946 con·

138 3979 302 4036 dicionibus:
329 3979 354 4033 ἐν
372 3975 493 4048 ἁγιασμῷ
512 3973 652 4046 πνεύματος
670 3978 714 4032 καί
730 3979 814 4033 πίστει
832 3975 959 4046 ἀληὶεείας.
996 3979 1071 4032 Deus
1089 3977 1172 4044 igitur
1184 3977 1319 4046 principa·

137 4069 200 4123 liter
218 4069 260 4120 est
278 4065 316 4131 is,
335 4065 381 4133 qui
399 4064 468 4132 agit,
496 4063 631 4133 quomodo
650 4079 714 4118 vero
733 4064 801 4119 fides
820 4081 880 4118 eum
898 4066 957 4120 Deo
972 4063 1131 4130 cohaereat,
1143 4079 1198 4117 non
1211 4063 1318 4118 dicitnr.

138 4155 209 4209 Num
235 4152 310 4204 Weiss
328 4152 344 4205 l.
363 4170 383 4203 c.
399 4169 426 4216 p.
446 4149 498 4200 211
516 4146 555 4220 ἁγ.
573 4169 613 4204 πν.
639 4152 701 4220 jure
728 4150 891 4219 baptismum
919 4166 979 4205 esse
1006 4148 1140 4218 declaret,
1163 4149 1266 4203 dubito.
1285 4178 1318 4188 -

139 4237 161 4308 1)
179 4239 223 4293 Ad
242 4254 321 4307 quern
338 4238 427 4291 locum
446 4237 562 4288 Calvinus
580 4235 684 4291 scribit:
712 4239 803 4307 Atque
814 4238 878 4291 hinc
890 4236 988 4291 melius
1001 4242 1117 4303 constat,
1130 4252 1212 4305 quam
1223 4250 1319 4290 neces·

139 4325 238 4378 serium
256 4324 293 4378 sit
310 4324 438 4392 Spiritum
456 4323 501 4378 hie
519 4322 597 4379 nobis
616 4323 744 4392 opitulari
762 4364 768 4376 .
789 4365 795 4377 .
814 4323 899 4392 Atqui
918 4323 985 4378 nibil
1006 4323 1092 4392 magis
1104 4323 1213 4392 ingenio
1225 4326 1318 4378 nostro

139 4409 293 4479 adversum,
311 4425 392 4479 quam
410 4410 438 4463 in
456 4408 650 4466 afflictionibus
667 4410 794 4477 gaudere.
