3160 4990
759 355 971 416 -14-

273 524 336 584 fieri
357 525 500 585 hominem
523 517 555 599 ἐξ
578 519 670 606 ἔργων
691 518 792 606 νόμου,
816 525 883 598 quio
906 525 1021 584 omnino
1043 541 1100 583 non
1118 524 1228 597 justum
1247 523 1312 583 fieri
1331 525 1386 583 uisi
1409 523 1464 586 δια
1571 539 1572 546 ³

278 625 408 701 πίστεως
429 628 500 688 Jesu
523 625 639 701 Christi,
662 626 739 687 unde
761 627 942 700 intelligitur,
963 628 1109 700 putavisse
1131 627 1313 687 adversarios
1342 633 1372 686 et
1392 645 1463 702 pro-

277 732 388 805 tulisse,
410 747 502 806 opera
522 730 594 804 legis
616 731 700 804 quasi
721 735 772 789 aut
786 728 894 790 fontem
910 735 960 788 aut
974 733 1124 790 materiem
1139 731 1269 803 iustitiae
1285 748 1361 802 esse3
1384 731 1465 804 quod

279 839 368 908 negat
389 834 511 894 Paulus:
543 851 636 908 neque
660 834 768 894 iontem
795 851 888 908 neque
915 835 1066 894 materiam
1095 835 1210 894 omnino
1240 851 1304 894 esse
1330 836 1464 908 justitiae

279 943 399 997 nostrae
429 938 486 996 nisi
507 939 563 997 Dei
593 939 730 1012 gratiam;
767 937 820 996 sed
846 954 883 997 ne
909 939 1129 998 instrumentum
1156 938 1272 1013 quidem
1303 933 1377 1016 (διά)
1409 938 1464 996 ob·

278 1042 417 1102 tineudae
429 1042 560 1114 justitiae
577 1059 639 1101 esse
655 1058 758 1116 opera;
780 1043 872 1100 solum
894 1041 1035 1114 ejusmodi
1051 1042 1272 1101 instrumentum
1287 1058 1350 1100 esse
1365 1040 1464 1113 fidem,

279 1145 355 1204 unde
378 1145 532 1204 adhibetur
558 1139 610 1207 aa
632 1144 667 1203 ci.
690 1146 719 1222 3,
744 1145 793 1206 14.
839 1145 914 1217 Quid
943 1163 1013 1205 vero
1044 1145 1166 1204 Paulum
1188 1152 1297 1220 movet,
1329 1149 1363 1204 ut
1390 1145 1466 1202 talia

276 1246 452 1324 pronuntiet,
473 1253 559 1323 atque
574 1249 643 1322 quid
660 1246 799 1322 proferet,
822 1249 872 1307 ubi
887 1249 1045 1308 adversarii
1060 1267 1096 1308 ex
1111 1266 1145 1308 eo
1161 1253 1308 1322 quaerent,
1332 1265 1383 1306 cur
1397 1265 1463 1306 rem

278 1353 320 1410 ita
341 1367 371 1410 se
395 1350 504 1411 hahere
527 1350 624 1410 dicat?
645 1352 712 1412 Non
735 1351 848 1426 profert
870 1357 1006 1427 tanquam
1029 1352 1120 1411 solam
1142 1354 1190 1412 vel
1203 1353 1327 1426 primam
1343 1367 1465 1410 causam

276 1471 389 1514 versum
419 1455 499 1513 illum
533 1453 701 1528 Scripturae
732 1455 838 1515 Sacrae
869 1450 945 1517 διότι
977 1449 1033 1531 »ἐξ
1056 1450 1147 1538 ἔργων
1173 1450 1265 1536 νόμου
1287 1449 1320 1517 οὐ
1342 1454 1463 1517 δικαιω-

276 1551 411 1640 &doceat
432 1557 520 1619 πᾶσα
541 1551 650 1640 σάρξίι,
675 1574 757 1632 quern
781 1575 816 1618 ne
839 1560 987 1618 inventum
1010 1559 1125 1632 quidem
1148 1576 1211 1618 esse
1233 1560 1263 1617 in
1278 1560 1383 1618 Vetere
1406 1559 1464 1617 Te·

277 1666 419 1721 stamento
442 1679 500 1720 non
521 1678 625 1736 urgeo:
648 1663 722 1720 sicut
736 1663 868 1722 omnibus
884 1664 962 1737 locis,
985 1679 1022 1721 ne
1044 1662 1100 1721 hoe
1123 1662 1237 1736 quidem
1260 1663 1367 1721 Paulus
1389 1663 1464 1720 satis

277 1782 307 1824 sa
331 1764 434 1824 iecisse
456 1768 549 1840 putat,
581 1765 606 1824 si
628 1767 776 1824 enuntiata
799 1765 966 1840 Scripturae
989 1764 1096 1825 Sacrae
1118 1766 1252 1824 attulerit
1265 1762 1301 1841 ¹);
1332 1765 1462 1824 secundo

279 1868 430 1928 dumtaxat
451 1869 515 1928 loco
539 1867 624 1928 affert
646 1886 757 1929 summa
779 1875 859 1930 certe
882 1869 996 1945 fiducia,
1023 1871 1064 1928 ita
1085 1885 1165 1945 vero,
1192 1874 1224 1928 ut
1246 1870 1369 1943 primum
1392 1870 1463 1927 reti-

279 1975 348 2030 neat
370 1971 465 2030 locum
487 1973 703 2042 ratiocinationi
725 1974 813 2032 animi
828 1975 872 2032 sui
887 1975 976 2048 ipsius
991 1971 1094 2034 fidelis.
1131 1966 1261 2045 Εἰδότες
1276 1974 1352 2031 enim
1367 1972 1463 2046 primo

278 2075 356 2147 dicit,
379 2069 456 2136 διότι
478 2075 589 2135 scilicet
610 2073 779 2157 γέγραπται
801 2077 926 2138 secundo
949 2078 1023 2138 loco.
1061 2077 1127 2136 Non
1154 2092 1223 2135 vero
1250 2076 1308 2134 alia
1330 2076 1386 2135 erit
1406 2075 1465 2134 hoc

278 2179 342 2238 loco
365 2179 563 2252 ratiocinatio,
595 2196 681 2253 quam
703 2180 789 2238 haec:
823 2181 897 2240 sicut
923 2179 1022 2240 fideles
1049 2181 1106 2253 ipsi
1133 2181 1246 2253 experti
1267 2180 1325 2237 sint
1348 2176 1464 2260 (sciant,

279 2279 315 2341 cf.
339 2299 427 2356 supra
448 2299 513 2356 pag.
531 2283 576 2357 7),
609 2300 639 2342 aa
666 2283 760 2356 Justos
791 2300 848 2342 non
875 2283 968 2343 iactos
1000 2301 1063 2344 esse
1086 2284 1144 2342 suis
1167 2285 1295 2356 ipsorum
1316 2282 1464 2356 operibus,
1571 2365 1572 2372 ἵ

278 2387 320 2444 ita
341 2387 455 2446 omnino
482 2403 575 2460 neque
598 2384 661 2446 fieri
683 2403 777 2460 neque
804 2387 927 2460 cogitari
949 2403 1048 2463 posse,
1079 2387 1224 2446 hominem
1250 2387 1389 2459 injustum
1410 2403 1462 2443 nu·

280 2504 365 2569 qoam
399 2494 443 2548 tot
470 2494 501 2549 et
528 2489 599 2548 talia
624 2506 715 2564 opera
739 2492 830 2564 justa,
865 2492 934 2565 quin
955 2491 1044 2550 ullum
1067 2491 1125 2550 tale
1152 2506 1223 2563 opus
1252 2487 1398 2564 proferre,
1428 2494 1462 2546 ut

277 2593 371 2666 justus
394 2591 459 2667 fiat,
489 2593 569 2652 velut
597 2593 727 2653 Christus
751 2593 876 2669 dixerat,
908 2610 965 2654 non
992 2611 1076 2668 posse
1107 2593 1241 2653 arborem
1272 2593 1378 2651 malam
1406 2607 1463 2650 non

280 2698 370 2756 malos
392 2695 504 2755 fructus
526 2695 667 2770 proferre.
705 2698 860 2772 Nunquam
882 2715 919 2757 ex
941 2699 1061 2770 siugulis
1083 2697 1220 2772 operibus
1236 2697 1309 2769 legis
1326 2683 1464 2768 tanquam

280 2818 316 2859 ex
338 2801 459 2860 materia
477 2801 619 2874 justitiam
641 2802 732 2876 ipsam
755 2801 932 2861 habitualem
954 2803 999 2860 vel
1022 2801 1203 2860 essentialem
1227 2799 1360 2873 componi
1375 2814 1461 2872 posse

281 2920 364 2963 nemo
388 2910 434 2964 est
457 2904 506 2977 qui
528 2909 622 2981 neget,
645 2904 750 2964 nedum
772 2900 923 2964 christiani
946 2905 1048 2978 quibus
1072 2904 1194 2979 epistola
1215 2905 1302 2962 missa
1324 2907 1369 2962 est
1382 2900 1419 2982 ²).

366 2999 430 3066 Jam
453 3007 632 3082 intelligitur,
659 3009 727 3083 quid
748 3008 820 3068 fides
842 3025 899 3068 nou
922 3009 972 3068 sit:
1001 3024 1060 3068 non
1082 3013 1127 3067 est
1148 3009 1177 3066 in
1200 3023 1321 3067 numero
1344 3022 1464 3079 operum

281 3111 456 3184 singulorum
477 3109 562 3185 legis;
584 3128 642 3171 non
664 3118 709 3171 est
730 3110 802 3172 fides
826 3111 966 3184 ejusmodi
981 3128 1062 3186 opus,
1086 3127 1141 3185 quo
1158 3111 1220 3184 quis
1236 3110 1305 3169 velit
1319 3109 1465 3181 justitiam

281 3215 429 3288 propriam
458 3215 513 3273 sibi
543 3215 605 3288 ipse
637 3214 762 3275 efficere.
807 3215 914 3274 Contra
940 3215 1031 3274 solum
1059 3218 1088 3273 et
1116 3232 1214 3274 verum
1241 3215 1464 3273 instrumentum

282 3321 338 3391 est,
369 3333 426 3391 quo
446 3319 562 3391 justitia
583 3317 740 3379 obtinetur.
784 3318 893 3376 Tamen
920 3336 978 3378 non
1008 3319 1099 3378 solum
1125 3319 1269 3393 particula
1295 3311 1346 3377 διά
1372 3317 1466 3374 utitur

284 3420 400 3495 Paulus,
431 3421 482 3480 sad
505 3423 592 3480 etiam
614 3423 700 3496 paulo
727 3427 793 3494 post
821 3422 921 3481 eodem
953 3439 1036 3481 versu
1059 3422 1121 3484 Gal.
1145 3423 1173 3495 2,
1200 3422 1237 3479 16
1261 3419 1400 3478 vocabulo
1423 3411 1467 3491 ἐξ,

282 3530 315 3582 ut
330 3525 418 3584 etiam
434 3522 542 3584 iontem
554 3526 685 3598 J'ustitiae
700 3524 786 3585 fidem
802 3525 1010 3600 quodammodo
1026 3524 1170 3598 appellari
1180 3539 1264 3597 posse
1281 3522 1465 3583 confiteatur.

283 3626 391 3700 Quodsi
413 3629 556 3688 actionem
578 3628 659 3688 illam
681 3628 834 3688 humanam
856 3628 980 3689 fortasse
995 3629 1024 3686 iu
1041 3629 1136 3687 animo
1151 3627 1251 3686 habuit
1267 3642 1352 3700 quam
1376 3641 1468 3698 supra

284 3732 443 3806 posuimus,
473 3733 534 3792 sine
558 3731 644 3792 dubio
667 3732 709 3790 ita
731 3733 829 3792 dicore
853 3732 984 3808 apostolo
1010 3732 1109 3802 liauit3
1142 3731 1166 3789 si
1194 3731 1271 3789 enim
1292 3729 1366 3790 fides
1388 3729 1468 3787 actio

285 3840 330 3892 est
352 3837 515 3894 assumendi
537 3837 600 3913 Dei,
631 3837 688 3895 dioi
710 3841 806 3910 potest
834 3841 863 3895 et
885 3837 923 3912 id,
955 3851 1010 3910 quo
1033 3830 1106 3914 (διά)
1129 3834 1213 3894 homo
1237 3837 1363 3894 assumat
1381 3833 1469 3905 justi·

286 3970 490 3982 ha·—

374 4022 392 4091 1)
411 4019 490 4089 Qruod
514 4015 622 4089 quidem
641 4017 726 4072 Immer
748 4019 854 4075 videtur
878 4020 1034 4075 existimare
1053 4021 1070 4074 l.
1089 4035 1110 4075 e.
1128 4037 1155 4089 p.
1169 4017 1218 4073 251
1231 4035 1267 4073 ss.
1304 4019 1468 4071 mactavere

284 4125 307 4164 v.
327 4107 352 4163 d.
371 4106 388 4164 l.
407 4110 424 4164 l.
444 4127 469 4177 p.
488 4109 517 4162 7:
544 4109 613 4173 „Der
631 4111 705 4160 blasae
724 4108 901 4164 Schriftbewer's
918 4119 1003 4158 eraetzt
1020 4109 1057 4158 bei
1074 4107 1105 4160 P.
1123 4108 1222 4157 nr'emola
1240 4106 1283 4155 den
1302 4105 1470 4169 incarcatione

284 4216 329 4248 aua
354 4197 398 4246 der
416 4196 494 4247 Socha
515 4197 585 4247 solbat
610 4197 748 4246 dialectt‘sclr
770 4205 938 4245 eotnommenen
962 4195 1013 4244 aad
1031 4196 1158 4259 pcpcbenen
1182 4192 1301 4244 Beweia.“
1324 4221 1356 4228 —
1385 4189 1406 4258 2)
1425 4188 1468 4243 Cf.

285 4283 418 4337 Krummii
437 4281 656 4336 dissertationem
674 4297 757 4350 supra
779 4280 931 4348 laudatam,
962 4280 1124 4350 praesertim
1142 4295 1169 4346 p.
1188 4278 1220 4330 27
1240 4293 1261 4331 s.
1296 4276 1382 4330 Nimis
1401 4291 1470 4329 vero

285 4370 410 4424 morbum
429 4370 599 4442 spiritualem
613 4367 732 4423 hominis
743 4367 850 4436 premit,
867 4367 1002 4421 nonsatis
1016 4365 1088 4435 dicit,
1105 4364 1237 4433 injustum
1249 4363 1385 4418 homiuem
1398 4377 1470 4417 asse.
