3160 4990
334 753 368 811 In
398 747 641 832 pastoralibus
672 769 746 825 quae
778 753 912 812 dicuntur
939 751 1106 833 epistolis
1135 757 1348 818 concedendum
1377 763 1431 816 cst

249 855 299 914 nbi
329 857 420 928 primo
450 856 638 927 inspiciantur
666 855 754 913 aliam
785 855 877 914 videri
909 873 972 916 csse
1003 857 1074 918 fidei
1098 861 1254 920 notionem.
1299 858 1333 921 ln
1357 861 1430 919 aliis

251 960 326 1016 enim
356 958 412 1016 illis
443 958 581 1033 epistolis,
613 962 735 1030 quatuor
765 958 876 1016 scilicet
907 962 1020 1032 magnis
1051 967 1082 1021 ct
1107 964 1329 1039 principalibus,
1352 962 1431 1022 fides

249 1061 385 1120 laudatur
414 1063 548 1135 opposita
577 1061 634 1134 legi
665 1065 694 1118 ct
720 1060 863 1133 operibus.
913 1064 966 1122 His
994 1081 1061 1124 vcro
1083 1067 1211 1140 epistolis
1234 1067 1433 1126 admonentur

250 1164 416 1222 Timotheus
439 1169 469 1224 et
490 1164 572 1222 Titus
593 1169 623 1222 et
645 1161 746 1236 quibus
769 1163 805 1222 ab
829 1165 863 1224 iis
886 1166 1109 1240 praedicandum
1127 1173 1203 1246 erat,
1226 1175 1258 1228 ut
1272 1177 1432 1228 versentur

222 1257 224 1262 ’
249 1267 278 1324 in
300 1266 382 1325 bonis
404 1266 538 1340 operibus
560 1269 581 1329 I.
605 1267 677 1326 Tim.
701 1269 728 1341 5,
752 1269 805 1340 253
829 1270 931 1348 6,18;
954 1270 1010 1330 Tit.
1028 1271 1056 1349 2,
1075 1271 1106 1342 73
1130 1273 1158 1344 3,
1174 1273 1203 1334 8.
1223 1271 1274 1343 143
1295 1273 1333 1333 Il.
1349 1271 1430 1332 Tim.

251 1369 279 1440 2,
303 1370 357 1440 213
388 1368 570 1429 Timotheum
601 1371 734 1430 admonet
765 1373 789 1429 is
821 1374 869 1445 qui
898 1375 1026 1448 scripsit,
1056 1374 1186 1455 τηρῆσαι
1216 1369 1270 1456 τὴν
1304 1368 1433 1456 ἐντολὴν

251 1464 374 1534 ἄσπιλον
405 1466 628 1555 ἀνεπίλημπτον
657 1474 680 1546 Ι,
712 1476 739 1549 6,
772 1474 823 1546 14;
852 1478 995 1536 neminem
1025 1475 1095 1535 dicit
1121 1476 1345 1559 evacuaturus
1366 1478 1431 1536 nisi

251 1577 377 1649 quinon
399 1570 608 1656 abipsolum,
631 1576 682 1636 sed
704 1573 839 1658 νομίμως
871 1573 955 1658 albii]
976 1579 1012 1652 Π,
1035 1581 1063 1656 2,
1087 1579 1132 1652 5.,
1165 1581 1239 1639 sicut
1271 1598 1302 1640 se
1327 1582 1429 1654 ipsum

250 1677 376 1737 affirmat
397 1673 449 1740 τὸν
471 1673 571 1760 ἀγῶνα
591 1673 684 1742 καλὸν
705 1673 882 1762 ἠγωνίσῖναι,
906 1731 913 1744 .
937 1729 944 1742 .
968 1675 1153 1747 &construas
1187 1677 1267 1764 αὐτῷ
1291 1678 1343 1745 τὸν
1368 1684 1432 1764 τῆς

251 1777 438 1863 δικαιοσύνης
470 1780 616 1864 στέφανον
636 1783 673 1856 ΙΙ,
695 1783 724 1859 4,
748 1783 775 1842 7.
799 1784 827 1842 8.
870 1784 953 1843 Adde
987 1785 1063 1856 quod
1097 1801 1183 1858 saepe
1217 1788 1356 1860 postulat,
1389 1793 1429 1844 nt

250 1879 431 1966 ὑγιαίνοντες
451 1887 480 1943 in
503 1885 559 1944 fide
582 1885 681 1946 fideles
704 1887 775 1958 sint,
798 1887 833 1946 ci.
848 1887 904 1951 Tit.
922 1888 949 1959 2,
966 1889 1006 1964 2.,
1023 1894 1053 1947 et
1068 1889 1143 1961 quod
1158 1891 1246 1947 etiam
1260 1890 1288 1947 in
1304 1889 1426 1948 notione

252 1982 401 2067 εὐσεβείας
423 2005 509 2062 saepe
531 1991 655 2063 repetita
675 1990 752 2049 bona
774 2007 863 2064 opera
885 1992 991 2053 insunt.

337 2093 446 2151 Tamen
479 2109 536 2150 non
569 2094 684 2151 omnino
715 2094 774 2152 alia
796 2092 865 2152 fidei
893 2095 972 2153 notio
994 2095 1023 2151 in
1046 2094 1089 2152 his
1112 2095 1259 2154 invenitur
1281 2095 1428 2168 epistolis3

251 2195 329 2254 nulla
351 2197 433 2254 adest
456 2211 557 2268 causa,
582 2213 633 2253 cur
655 2199 705 2253 ant
726 2195 804 2253 illam
827 2213 914 2269 supra
935 2197 1080 2254 inventam
1104 2195 1297 2256 definitionem
1313 2199 1426 2270 rejicis-

252 2315 313 2356 mus
336 2303 394 2370 aut,
417 2299 442 2356 si
464 2314 521 2357 non
543 2299 692 2371 possimus,
721 2305 842 2372 propter
864 2298 933 2358 fidei
955 2303 1095 2357 mutatam
1117 2301 1262 2358 notionem
1285 2297 1333 2379 (de
1362 2302 1429 2358 aliis

252 2403 427 2474 argumentis
451 2401 557 2459 criticis
580 2401 634 2459 hcc
657 2402 720 2461 loco
736 2417 793 2460 non
809 2401 1050 2477 disputationes
1066 2403 1202 2476 epistolas
1218 2420 1276 2461 non
1291 2403 1429 2462 Paulinas

253 2521 315 2564 esse
338 2504 473 2563 dicamus.
517 2504 671 2562 Notionem
693 2503 762 2562 fidei
783 2503 874 2578 ipsam
901 2519 958 2562 non
986 2506 1119 2578 explicite
1142 2507 1264 2564 tractari
1294 2506 1428 2565 concedi-

253 2623 328 2678 mus;
357 2624 392 2666 ea
423 2624 496 2680 quac
530 2609 710 2682 explicantur
740 2609 831 2680 priori
861 2608 903 2665 illi
934 2609 1043 2667 notioni
1066 2610 1182 2668 omnino
1205 2610 1340 2683 opposita
1361 2627 1429 2668 esse

253 2727 344 2784 neque
378 2727 442 2768 cum
474 2726 508 2768 ea
532 2711 672 2785 ‚conjmgi
701 2727 785 2783 posse
817 2727 962 2784 negamus.
1007 2711 1083 2769 Nam
1114 2728 1149 2770 ne
1180 2711 1288 2770 inillis
1311 2711 1427 2785 quidem

253 2813 382 2890 epistolis
414 2812 490 2871 bona
520 2829 610 2886 opera
642 2815 786 2887 apostolus
812 2815 915 2884 vetuit;
950 2819 1051 2872 contra
1080 2815 1104 2872 si
1127 2814 1170 2872 his
1194 2815 1323 2887 epistolis
1346 2814 1426 2874 bona

253 2933 342 2990 opera
374 2917 499 2990 postulat
532 2918 698 2992 praecipue,
732 2916 816 2975 fidem
849 2932 906 2975 non
938 2916 1068 2990 negligit,
1102 2917 1153 2975 sed
1187 2916 1267 2975 bonis
1290 2917 1428 2990 operibus

253 3020 429 3094 probandam
452 3036 514 3078 esse
538 3020 729 3098 demonstrat,
756 3018 872 3078 fuerunt
894 3021 982 3092 enim,
999 3021 1045 3094 qui
1061 3024 1182 3094 propter
1196 3017 1263 3078 fidei
1279 3021 1426 3078 notionem

255 3124 330 3182 male
353 3123 531 3182 intellectam
554 3139 644 3197 opera
666 3123 856 3201 negligerent.

357 3227 476 3285 Accedit
505 3243 578 3286 vero
610 3226 685 3301 quod
717 3218 893 3306 ipbcbcfitco
925 3225 1064 3298 quandam
1094 3225 1195 3284 laudat
1224 3227 1262 3300 is,
1297 3227 1344 3299 qni
1374 3225 1427 3283 has

255 3331 391 3405 epistolas
418 3329 533 3405 scribit,
563 3329 599 3387 H.
628 3328 700 3390 Tim.
729 3329 760 3400 3,
794 3328 833 3388 14
864 3345 900 3390 ss.
931 3329 967 3386 al.
1016 3328 1071 3387 Sed
1102 3346 1137 3388 ne
1168 3330 1196 3386 in
1226 3328 1280 3386 illis
1312 3328 1427 3400 quidem

256 3434 383 3507 epistolis
406 3434 557 3492 veritatem
578 3438 658 3491 recte
679 3431 874 3504 accipiendam
894 3431 1020 3504 neglexit
1042 3426 1121 3512 (pag.
1146 3432 1210 3506 34),
1238 3431 1364 3505 quamvis
1391 3429 1427 3486 de

255 3538 338 3597 modo
361 3535 483 3596 docendi
506 3536 576 3594 nihil
598 3536 747 3608 scripserit
770 3534 848 3592 nulla
870 3534 938 3592 data
961 3536 1118 3593 occasione.
1163 3533 1236 3606 Quia
1269 3549 1338 3592 vero
1369 3549 1428 3590 non

256 3641 291 3698 de
322 3641 400 3698 inani
429 3639 525 3713 aliqua
551 3638 619 3697 fidei
641 3635 733 3697 forma
755 3637 816 3710 agit
837 3637 957 3709 Paulus,
988 3636 1040 3696 sed
1071 3636 1105 3696 de
1136 3635 1223 3696 rebus
1254 3634 1427 3709 quibusdam

256 3744 315 3802 sive
344 3743 465 3814 objectis
494 3742 596 3801 divinis
628 3757 701 3815 quae
734 3741 859 3800 debeant
880 3739 937 3799 fide
960 3741 1052 3813 accipi
1082 3745 1110 3798 et
1133 3739 1280 3812 cognosci,
1312 3739 1429 3797 omnino

256 3863 312 3904 non
334 3851 428 3919 potest
449 3846 627 3919 existimare,
650 3844 720 3902 nihil
742 3847 896 3917 interesse,
918 3843 986 3917 quid
1003 3844 1149 3930 doceatur,
1171 3847 1304 3915 tanquam
1320 3840 1430 3899 multae

256 3949 313 4006 sint
334 3949 484 4026 veritates,
516 3949 603 4006 immo
630 3950 705 4006 sicut
726 3965 814 4005 unum
827 3947 919 4005 Deum
948 3963 1033 4006 unam
1061 3945 1149 4004 habet
1170 3945 1321 4004 veritatem
1344 3959 1430 4016 qnam

256 4055 393 4127 oporteat
419 4052 492 4111 bene
520 4067 693 4124 cognoscere
731 4055 761 4108 ct
797 4050 871 4109 bene
902 4051 1019 4121 docere,
1041 4048 1120 4108 falsis
1141 4047 1301 4122 reprobatis
1324 4045 1429 4104 fabulis

257 4155 279 4220 I.
304 4155 330 4226 l,
355 4156 372 4212 6
396 4156 432 4213 al.
759 4151 760 4156 ’
1237 4165 1241 4172 “

342 4257 427 4316 Certe
439 4260 512 4317 alius
528 4257 575 4315 hic
590 4257 776 4315 videturesse
791 4253 889 4314 modus
906 4252 1027 4314 docendi
1039 4258 1126 4328 atque
1137 4249 1204 4312 illic.
1228 4252 1290 4311 Illic
1306 4251 1429 4325 gratiam

258 4364 288 4420 et
301 4367 473 4435 potestatem
489 4361 544 4418 Dei
566 4359 627 4418 lere
651 4361 740 4418 solam
763 4359 899 4432 explicat,
917 4359 964 4418 hic
979 4358 1016 4417 ad
1031 4357 1194 4416 libertatem
1210 4355 1353 4415 bominum
1369 4352 1430 4412 lere
