3160 4990
731 357 944 420 ..44-

250 527 397 598 traditiop
417 531 535 601 accepta
556 528 632 586 enim
654 529 749 600 gratia
770 543 829 586 non
850 543 964 601 semper
986 528 1081 588 denuo
1103 529 1195 601 accipi
1217 529 1308 588 solum
1328 529 1424 604 debet,

250 630 301 689 sed
331 630 448 704 probari
478 631 567 690 etiam
597 635 628 690 et
660 631 762 703 augeri
792 631 991 690 communione
1022 649 1084 690 cum
1107 632 1169 691 Deo
1200 632 1288 691 facta.
1337 632 1426 691 Fides

247 731 408 811 Justificat3·
432 749 468 792 ex
490 749 586 792 amore
608 732 681 792 fides
696 734 893 807 cognoscitur,
916 751 1006 807 quare
1026 727 1147 816 ἀγάπην
1162 734 1297 794 debemus
1312 730 1428 798 διώκειν

250 837 272 896 Ι.
295 836 360 895 (lor.
385 837 433 909 14,
458 838 489 914 13
521 835 557 899 cf.
580 838 609 910 8,
632 838 666 908 33
701 837 748 909 16,
771 837 819 895 22.
849 837 886 899 Π.
910 836 974 896 Gor.
998 838 1027 913 5,
1054 838 1101 897 14.
1153 836 1244 897 Amor
1273 838 1427 911 hominum,

251 955 308 998 non
323 939 391 1012 Dei,
414 939 464 998 sed
480 943 602 1013 propter
617 938 722 1012 Deum,
737 939 909 1012 intelligitur
925 919 988 1002 Gal.
1006 941 1034 1014 5,
1052 945 1079 1004 6.
1099 942 1137 1000 13
1153 941 1190 1000 of.
1205 942 1242 999 ΙΙ.
1259 939 1324 1000 (lor.
1341 943 1369 1018 5,
1389 943 1428 1000 14

251 1047 376 1116 atquae
398 1032 466 1115 pag.
489 1042 530 1101 42
553 1041 632 1101 dicta
654 1046 727 1100 sunt.

335 1144 382 1204 Ne
409 1140 492 1218 ἐλπίς
505 1139 531 1226 1)
559 1143 675 1219 quidem
703 1165 721 1204 a
747 1144 805 1204 fido
827 1150 925 1221 potest
946 1145 1085 1221 soporari.
1130 1148 1185 1207 Est
1206 1145 1283 1206 enim
1305 1145 1374 1206 fidoi
1395 1147 1428 1206 in

251 1247 357 1306 misera
390 1246 469 1306 vitae
503 1247 672 1307 condicione
710 1247 857 1326 probatio,
900 1247 977 1308 actio
1016 1249 1136 1308 tenendi
1171 1249 1228 1308 Dei
1267 1249 1429 1309 obstaculis

186 1369 193 1381 ·
251 1347 405 1426 oppositis,
429 1349 501 1409 fides
523 1349 612 1426 igitur
635 1355 715 1410 certo
738 1351 823 1411 modo
847 1351 1003 1427 descripta.
1049 1352 1114 1412 Gal.
1137 1352 1165 1429 5,
1191 1353 1209 1410 5
1233 1348 1317 1425 ἐλπίς
1339 1371 1430 1412 sensu

252 1451 427 1529 praegnanti
459 1452 535 1511 idem
575 1458 620 1514 est
654 1454 733 1528 quod
765 1459 926 1532 speratum,
967 1455 1046 1530 quod
1079 1454 1197 1531 quidem
1230 1453 1266 1516 ἐκ
1299 1451 1431 1528 πίστεως

252 1555 387 1616 dicuntur
407 1549 632 1635 ἀπεκδέχεσῗῖαι
651 1556 767 1620 fideles:
786 1575 870 1618 nemo
889 1558 980 1618 habet
1002 1558 1081 1633 quod
1095 1558 1161 1634 jure
1184 1563 1283 1633 speret
1305 1558 1361 1617 nisi
1377 1558 1428 1632 qui

253 1658 358 1736 credit,
389 1677 473 1718 nemo
495 1665 595 1735 sperat
616 1678 685 1721 vere
707 1660 763 1719 nisi
786 1660 836 1735 qui
852 1655 957 1739 uredit3
988 1660 1116 1720 futurum
1131 1665 1247 1736 spectat
1269 1678 1346 1738 spes,
1370 1678 1431 1720 non

252 1779 403 1839 praeseus,
445 1763 525 1837 quod
555 1781 613 1824 uon
646 1764 773 1839 spectari
805 1769 904 1840 potest
935 1763 992 1824 nisi
1021 1764 1089 1823 fide.
1134 1764 1177 1824 cf.
1211 1767 1294 1824 Rom.
1318 1765 1347 1840 4,
1373 1765 1429 1822 18:

253 1861 287 1940 ὃς
316 1859 492 1948 (Abraham)
523 1863 585 1947 παῤ
615 1863 722 1929 ἐλπίδα
746 1861 789 1929 ἐπ’
807 1864 903 1930 ebat&
925 1864 1108 1946 ἐπίστευσεν,
1140 1867 1219 1942 quod
1247 1865 1432 1926 enuntiatum

252 1969 360 2045 legitur
381 1969 411 2028 in
434 1969 615 2044 expositione
638 1988 714 2045 quae
737 1975 782 2030 est
804 1971 840 2030 tle
863 1972 927 2030 sola
949 1966 986 2052 (l)
1008 1970 1075 2030 fide.
1121 1973 1204 2030 Rom.
1228 1971 1256 2047 5,
1284 1972 1309 2028 l·
1329 1965 1431 2041 πίστις

253 2071 439 2150 conjungitur
461 2090 525 2132 cum
547 2067 681 2154 ὑπομονῇ
704 2078 734 2133 et
748 2071 844 2136 ε2πίδι
859 2092 888 2132 ν.
904 2076 926 2138 4
948 2080 977 2133 et
992 2067 1108 2155 ἀγάπῃ,
1120 2093 1149 2132 v.
1173 2074 1209 2150 5,
1233 2078 1265 2132 ut
1280 2071 1427 2148 intelliga-

252 2180 313 2254 tur,
347 2175 434 2236 fidem
466 2175 589 2236 divorsis
623 2195 639 2235 e
672 2176 805 2251 partibus
836 2195 923 2252 posse
956 2177 1083 2252 spectari
1116 2180 1145 2236 et
1167 2177 1273 2236 multas
1295 2175 1429 2234 actiones

252 2295 367 2355 parere.
412 2279 454 2338 ef.
478 2281 508 2355 8,
532 2279 572 2338 24
588 2297 627 2338 ss.
653 2279 701 2355 12,
729 2281 776 2338 12.
800 2280 838 2337 Il.
863 2280 927 2339 (lor.
954 2282 980 2358 1,
1005 2283 1034 2338 6.
1061 2281 1116 2357 103
1140 2281 1169 2357 3,
1196 2281 1244 2339 12.

340 2379 465 2443 Omnia
493 2381 594 2458 igitur,
626 2399 701 2457 quae
734 2383 843 2442 Paulus
873 2382 972 2460 docet,
1004 2401 1142 2442 err-nna
1168 2382 1242 2442 tide
1265 2382 1375 2458 profert
1399 2385 1431 2441 et

255 2504 320 2544 cum
352 2483 410 2544 tide
442 2483 601 2561 conjungit.
646 2484 891 2561 simplicissimam
916 2486 1007 2544 habet
1029 2485 1097 2544 fidei
1111 2485 1273 2560 notionem,
1296 2485 1349 2545 sed
1370 2503 1431 2544 non

253 2589 379 2666 inanem,
392 2588 478 2647 immo
489 2587 587 2647 multis
598 2587 692 2648 modis
703 2587 789 2648 fidem
800 2590 864 2648 vult
876 2590 1034 2666 celebrare,
1046 2589 1258 2649 multitudinem
1270 2588 1428 2648 seutentia-

254 2710 318 2750 rum
347 2690 435 2752 efide
453 2691 613 2770 explicare,
634 2692 770 2767 quoniam
782 2692 858 2752 enim
869 2694 949 2752 Deus
962 2696 1006 2752 est
1016 2691 1051 2770 is,
1065 2709 1151 2768 quem
1166 2692 1250 2752 bomo
1266 2691 1359 2751 fidelis
1373 2691 1431 2750 sibi

254 2795 389 2872 assumit,
413 2799 459 2855 tot
480 2801 509 2854 et
531 2799 614 2855 tauta
637 2800 666 2855 et
688 2795 760 2854 talia
781 2795 811 2854 in
833 2796 890 2855 fide
913 2801 993 2873 sunt,
1018 2801 1090 2871 quot
1112 2800 1142 2855 et
1157 2799 1267 2870 quanta
1283 2799 1312 2854 et
1328 2795 1429 2870 qualia

254 2899 284 2957 in
306 2899 370 2957 Deo
401 2903 431 2958 et
457 2897 487 2956 in
517 2897 552 2959 iis
583 2898 716 2958 omnibus
745 2899 832 2958 rebus
861 2918 933 2974 quas
955 2901 1020 2959 Deo
1039 2898 1150 2976 placuit
1179 2900 1226 2958 vel
1259 2916 1358 2958 creare
1381 2899 1431 2958 vel

254 3003 387 3062 revelare
410 3002 457 3060 vel
479 3001 632 3077 imperare.
677 3001 760 3073 Quae
776 3020 862 3076 quum
878 3003 965 3080 sciat,
981 3004 1091 3064 Paulus
1107 3003 1257 3078 apostolus
1273 3001 1430 3062 distinctis·

255 3105 357 3166 simam
387 3105 478 3164 habet
506 3103 575 3164 fidei
604 3105 764 3183 notionem,
796 3106 849 3165 sed
878 3124 936 3166 non
964 3106 1007 3166 ita
1023 3123 1099 3166 -eam
1131 3105 1272 3183 explicat,
1296 3109 1329 3165 ut
1351 3103 1429 3164 omni

256 3212 355 3270 careat
379 3206 560 3268 difficultate.
672 3254 674 3259 .

339 3313 435 3372 Unum
465 3315 567 3372 restat.
611 3310 700 3371 Fides
730 3315 774 3371 est
803 3312 880 3372 actio
910 3312 1071 3373 hominis.
1116 3313 1210 3372 Homo
1240 3329 1310 3371 vero
1340 3328 1430 3386 agere

254 3434 313 3474 non
342 3419 440 3491 potest
469 3414 526 3474 nisi
555 3414 638 3474 donis
667 3417 780 3474 aDeo
812 3415 888 3475 datis
911 3419 940 3474 et
962 3415 1144 3475 naturalibus
1166 3418 1197 3473 et
1218 3413 1428 3490 spiritualibus,

255 3516 325 3593 quin
348 3535 450 3578 servus
473 3517 529 3577 Dei
551 3517 667 3576 omnino
690 3522 744 3578 est.
759 3513 785 3599 ί)
830 3520 934 3592 Itaque
962 3537 993 3578 re
1016 3536 1087 3576 vern
1110 3517 1134 3576 si
1157 3535 1275 3576 oausam
1298 3516 1429 3574 ultimam

254 3621 437 3698 respicimus,
461 3622 541 3682 Deus
564 3620 680 3681 videtur
701 3622 815 3698 inesse,
833 3621 883 3697 qui
899 3621 985 3680 fidem
1001 3620 1122 3698 alliciat,
1140 3625 1172 3679 ut
1191 3620 1264 3678 fides
1280 3619 1358 3678 actio
1373 3620 1430 3679 Dei

255 3725 313 3786 sit?
341 3727 446 3785 Nonne
469 3725 579 3799 gratias
602 3725 663 3800 agit
685 3727 749 3784 Deo
772 3727 922 3801 apostolus
945 3743 998 3801 pro
1020 3724 1077 3783 fide
1100 3722 1272 3798 eorumrqui
1291 3722 1432 3798 epistolas

256 3829 403 3905 accipient
425 3830 507 3887 Rom.
534 3830 560 3906 1,
584 3831 619 3906 83
643 3831 666 3887 Ι.
690 3829 755 3888 Oor.
782 3831 808 3905 1,
832 3829 876 3905 4.,
919 3845 1014 3888 noune
1047 3844 1149 3903 preces
1178 3827 1216 3885 ad
1247 3825 1431 3902 summittit

345 4016 366 4080 ¹)
389 4015 469 4064 Ualeri
485 4013 502 4067 l.
521 4031 543 4068 c.
561 4031 587 4081 p.
607 4013 664 4066 252.
700 4013 813 4078 Zockler,
831 4013 871 4067 De
890 4012 916 4066 ri
933 4029 965 4066 ac
977 4013 1088 4066 notione
1101 4012 1224 4066 vocabuli
1237 4012 1305 4072 ἐλπίς
1317 4011 1346 4064 in
1357 4027 1427 4064 novo

255 4105 418 4156 testamento
438 4100 511 4154 1856.
547 4101 638 4152 Ewald
653 4099 671 4152 1.
691 4117 705 4152 c
732 4116 758 4167 p.
778 4099 835 4152 118.
853 4129 887 4138 -
906 4097 926 4164 ί)
946 4099 1030 4162 Bnur,
1054 4098 1155 4151 Paulus
1173 4098 1208 4163 ll,
1226 4097 1276 4151 282
1289 4113 1332 4161 ss,
1351 4113 1430 4164 prae·

255 4187 348 4242 sertim
367 4186 416 4240 289
428 4202 457 4240 s.:
484 4187 542 4236 dass
564 4188 606 4237 der
630 4187 729 4252 Apostel
747 4225 752 4238 .
772 4222 777 4235 .
797 4224 804 4240 .
823 4186 888 4235 ber‘de
915 4185 1031 4234 Mourente
1055 4203 1099 4234 our·
1121 4185 1274 4234 unvermu'ttelt
1291 4185 1365 4233 ‘naban
1382 4185 1430 4232 eln-

255 4274 330 4323 auder
346 4274 424 4323 eteberi
441 4273 507 4327 lb'sst.
543 4273 682 4324 Lutterbeck
701 4273 737 4337 II,
757 4271 853 4323 210ss.
894 4275 976 4338 Supra
991 4271 1078 4336 [aba.
1119 4269 1157 4323 Cf.
1172 4270 1279 4334 Kolruis,
1292 4269 1431 4336 Deprnutt'k,

257 4357 523 4426 ZQAEpm.
