3160 4990
741 391 968 456 ‘-3o—

276 581 407 642 cansam,
438 563 517 640 qnod
546 564 627 624 Deus
653 581 711 622 non
742 566 787 622 est
816 579 867 622 ens
902 562 1050 622 abstracte
1081 560 1253 637 cogitatum,
1285 561 1337 620 scd
1366 562 1453 618 Deus

275 686 363 728 verus
385 672 415 728 et
437 667 536 745 vivus,
559 667 722 743 permultae
744 664 877 740 singulae
904 683 950 726 res
978 669 1007 723 ct
1028 664 1241 740 propositiones
1263 663 1293 721 in
1314 663 1453 722 notitiam

276 776 305 830 et
327 771 493 831 memoriam
509 776 539 831 et
554 771 735 829 voluntatem
750 773 818 828 sunt
833 767 1036 844 accipiendae,
1054 785 1127 842 quas
1147 787 1183 827 ex
1198 767 1305 827 nostris
1320 768 1454 843 ipsorum

276 873 346 934 solis
373 873 599 950 cogitationibus
624 891 683 932 non
709 890 862 948 possumus
884 871 1029 949 invenire,
1060 876 1149 946 atque
1171 873 1208 930 ob
1231 891 1295 930 eam
1319 888 1452 947 cansam,

275 976 353 1050 quod
375 977 455 1036 Deus
477 982 576 1036 noster
599 980 644 1036 est
664 993 718 1050 per
741 976 840 1034 Jesum
860 973 1004 1034 Christum
1026 978 1115 1048 atque
1138 975 1217 1049 qnod
1232 974 1375 1034 Christum
1390 973 1454 1032 fide

276 1079 453 1157 accepimus,
471 1098 507 1139 ex
522 1080 578 1137 hac
593 1078 658 1154 ipsa
673 1077 834 1138 certissima
850 1082 879 1136 et
894 1077 1017 1152 simplici
1039 1057 1220 1152 experientia
1243 1079 1348 1136 multas
1370 1077 1455 1135 evol-

270 1181 370 1242 ‚vimns
397 1187 426 1241 et
454 1180 653 1240 concludimus
676 1180 749 1240 alias
772 1179 985 1256 propositiones
1008 1179 1090 1258 fidem
1121 1181 1310 1255 quamobrem
1332 1180 1455 1256 objecta

275 1284 327 1344 illa
356 1284 472 1360 singula
502 1302 590 1360 supra
620 1288 723 1343 notata
752 1283 829 1343 inter
858 1302 890 1343 se
922 1282 1065 1342 artissime
1093 1283 1260 1343 cohaerent.
1305 1281 1402 1353 Quare
1427 1281 1456 1340 si

275 1387 383 1446 utimur
413 1387 510 1446 verbis
540 1405 650 1464 eornm,
682 1386 733 1463 qui
762 1405 839 1446 nunc
870 1386 985 1464 vivunt,
1017 1386 1047 1444 in
1078 1404 1197 1446 numero
1221 1385 1457 1461 dogmaticorurn

275 1490 422 1550 invenitur
436 1491 546 1550 Paulus
566 1492 726 1567 apostolus.
770 1490 868 1564 Atque
884 1490 972 1550 etiam
986 1489 1062 1548 inter
1078 1508 1128 1550 cos
1144 1495 1202 1566 cst,
1219 1489 1269 1564 qui
1290 1491 1454 1565 postulant,

276 1598 308 1652 ut
330 1612 378 1653 res
393 1593 516 1667 divinas,
540 1611 616 1668 quae
638 1611 744 1669 perse
767 1593 837 1669 sint,
862 1593 955 1668 magis
978 1592 1128 1668 magisque
1154 1593 1318 1652 ediscamns
1344 1611 1455 1667 expe-

276 1695 402 1756 riendo
426 1701 459 1756 et
482 1692 789 1777 cognoscend031)
819 1696 882 1771 ipse
913 1696 988 1756 enim
1019 1695 1187 1772 saepissime
1218 1697 1364 1754 vocabulo
1394 1690 1457 1774 ἐγώ

276 1802 362 1857 utens
391 1798 430 1858 ad
459 1816 540 1858 snam
569 1799 660 1875 ipsius
690 1803 832 1875 provocet
862 1798 1085 1875 experientiam,
1116 1800 1154 1857 Η.
1185 1799 1249 1858 dor.
1284 1801 1336 1877 123
1364 1799 1392 1874 5,
1417 1799 1453 1870 5;

276 1903 299 1960 Ι.
324 1901 388 1961 (lor.
415 1902 463 1980 15,
488 1908 516 1962 et
539 1903 577 1962 ad
600 1921 635 1962 ea
651 1920 727 1977 quae
741 1903 867 1962 lectores
883 1902 996 1978 experti
1012 1902 1082 1979 sint,
1100 1902 1164 1962 Gal.
1182 1904 1210 1979 3,
1228 1903 1326 1979 2-53
1351 1901 1455 1960 venire

277 2003 347 2084 dicit
369 2023 405 2064 ex
427 2004 485 2064 fide
508 1985 803 2086 ce'rtitudineml)
826 2005 987 2081 quandam,
1012 2007 1094 2064 Rom.
1110 2008 1139 2082 4,
1157 2007 1210 2074 21;
1233 2006 1271 2064 Il.
1288 2005 1354 2064 Oor.
1370 2005 1399 2080 3,
1415 2006 1453 2080 43

276 2111 306 2184 4,
333 2109 370 2166 13
387 2126 421 2184 a,
453 2125 528 2182 quae
555 2108 672 2183 quidem
703 2127 762 2167 n0n
791 2107 856 2183 ipsa
884 2107 956 2168 fides
979 2107 1029 2185 sit,
1055 2109 1107 2167 scd
1130 2126 1194 2167 cum
1216 2107 1274 2166 fide
1297 2109 1455 2183 conjuncta

277 2215 385 2287 exstem
398 2206 424 2291 ³)
436 2210 505 2269 item
517 2211 617 2270 venire
630 2230 666 2270 ex
677 2209 734 2270 fide
747 2215 776 2270 ct
791 2210 965 2270 certitudine
978 2211 1082 2291 γνῶσιν
1094 2211 1288 2286 cognitionem
1304 2211 1454 2286 quandam

220 2335 226 2350 ·
276 2331 371 2372 rerum
388 2312 564 2390 divinarum,
589 2332 664 2388 quae
679 2329 828 2388 nunquam
843 2313 974 2389 perfecta
989 2314 1041 2390 sit,
1058 2333 1173 2390 semper
1187 2331 1319 2374 crescere
1334 2315 1454 2372 debeat.

277 2417 331 2474 Illo
361 2434 430 2475 vero
460 2417 565 2496 γνῶσις
595 2449 632 2460 -
664 2417 788 2477 actionis
818 2417 893 2476 enirn
924 2417 992 2476 fidei
1024 2417 1115 2493 ipsius
1146 2418 1256 2492 gradus
1286 2424 1317 2477 et
1341 2417 1454 2477 formae

278 2519 412 2579 diversae
434 2524 502 2578 suut
524 2520 603 2595 apud
625 2519 753 2595 singulos
776 2520 908 2586 homines
935 2522 1019 2580 Rom.
1045 2521 1073 2593 4,
1100 2523 1148 2578 19.
1172 2521 1227 2597 20;
1255 2522 1302 2597 14,
1329 2522 1385 2580 ls.
1411 2553 1452 2563 --

278 2622 382 2682 debilis
397 2627 495 2698 potest
509 2640 573 2683 esse
589 2629 618 2682 et
630 2623 751 2701 infirma,
769 2624 845 2684 sicut
859 2641 973 2700 semper
989 2623 1050 2682 fere
1062 2623 1178 2683 videtur
1190 2623 1279 2683 fuisse
1291 2615 1321 2682 in
1336 2624 1454 2682 lectori-

277 2727 332 2786 bus
352 2725 552 2801 epistolarnm3
582 2728 770 2801 quamobrem
790 2727 930 2803 epistolas
945 2726 1011 2787 illas
1034 2727 1151 2802 scripsit
1164 2727 1284 2804 Paulus,
1301 2732 1333 2786 ut
1347 2727 1455 2807 proicit

278 2847 378 2889 eorum
387 2835 542 2890 cresceret:
553 2827 639 2889 fidem
647 2830 792 2890 interdum
801 2831 912 2909 laudat,
922 2829 1097 2906 cognitionis
1110 2830 1287 2890 debilitatem
1294 2829 1453 2905 vituperat.

363 2931 509 3006 Initium
530 2932 599 2992 fidei
622 2937 651 2994 et
674 2933 980 2996 continuationem
1003 2933 1156 3009 distinguit
1178 2934 1326 3010 apostolus
1349 2933 1450 2993 claris—

278 3031 389 3117 simc⁴)
420 3035 484 3095 Gal.
509 3037 537 3114 2,
564 3037 601 3094 19
618 3055 667 3108 ss.;
695 3037 767 3098 illud
789 3037 860 3097 dicit
886 3032 1052 3100 ἀποῖῖανεῑν
1078 3033 1173 3121 νόμῳ,
1203 3034 1455 3098 hebetatiores

278 3140 342 3222 ζῆν,
367 3138 403 3198 cf.
426 3140 450 3198 Ι.
474 3139 539 3199 Oor.
565 3141 613 3217 14,
638 3139 702 3218 25,
727 3140 778 3200 ubi
799 3139 912 3200 initium
934 3140 1128 3217 pulcherrime
1151 3139 1337 3217 describitur,
1362 3145 1454 3214 atque

279 3243 344 3304 Gal.
361 3244 389 3320 3,
407 3247 440 3306 3:
471 3237 885 3325 tnapfidpesot-iatcsbsiobm
915 3245 983 3304 Non
998 3242 1087 3318 igitur
1100 3242 1173 3302 tides
1188 3244 1273 3302 simul
1288 3248 1318 3302 et
1334 3243 1454 3319 incepta

279 3351 308 3406 ct
329 3345 462 3424 perfecta
483 3351 540 3424 est,
564 3348 617 3407 scd
638 3349 731 3422 primo
752 3347 901 3425 incipitur,
926 3347 1031 3406 deinde
1053 3346 1162 3423 pergit,
1187 3347 1222 3405 cf.
1246 3349 1329 3406 Rom.
1349 3349 1375 3423 1,
1402 3347 1455 3418 17;

219 3461 222 3468 ’
277 3451 317 3532 Il.
340 3450 404 3511 Gor.
428 3452 457 3527 8,
484 3451 522 3509 10
537 3468 576 3510 ss.
600 3455 629 3516 ct
651 3469 741 3528 supra
762 3468 831 3527 pag.
858 3452 893 3510 ll
911 3469 935 3510 s.

278 3619 382 3674 dicens:
406 3619 514 3670 Christus
531 3620 581 3669 ond
598 3620 635 3670 die
647 3619 746 3684 Apostel
762 3619 844 3694 wahren
856 3621 986 3670 nicharon
998 3619 1069 3670 sicem
1085 3616 1335 3690 Glaubeassormulor,
1353 3615 1455 3690 quippe

278 3706 325 3774 qui
342 3706 486 3776 positivam
503 3705 546 3759 his
564 3705 652 3759 verbis
670 3705 775 3772 rejiciat
793 3704 856 3759 fidei
873 3703 1004 3775 indolem,
1023 3721 1082 3760 cum
1100 3705 1185 3759 Paulo
1203 3722 1256 3759 non
1275 3708 1419 3760 consentit.

315 3839 316 3845 ,
365 3791 384 3861 ¹)
404 3791 445 3846 cf.
465 3791 569 3842 Frontis·
587 3793 675 3844 totum
693 3788 791 3844 librum
809 3790 1061 3860 supralaudatum,
1080 3792 1199 3859 quamvis
1219 3792 1336 3846 dubitari
1359 3793 1455 3862 possit,

279 3893 344 3932 num
355 3878 414 3932 lere
431 3883 519 3932 totum
531 3882 649 3945 systema
662 3877 782 3932 veritatis
795 3895 828 3932 ex
840 3877 963 3944 subjecto
976 3877 1033 3931 solo
1047 3878 1131 3932 evolvi
1150 3883 1177 3932 et
1195 3877 1293 3933 debeat
1312 3884 1340 3933 et
1357 3877 1454 3947 possit,

278 3969 308 4018 ct
319 3983 341 4017 υ.
356 3963 489 4031 Oettinpen,
503 3963 743 4029 Antistio-amoniaca,
752 3983 777 4030 p.
792 3963 829 4013 30
839 3982 859 4017 s.
884 3964 991 4014 Dor-neri
1007 3961 1199 4031 Glaubenslebre,
1212 3984 1238 4030 p.
1258 3965 1315 4018 inc.
1356 3966 1456 4032 Ewald,
1574 4001 1575 4012 .

279 4052 328 4102 Die
340 4051 417 4100 Ledre
428 4049 470 4099 der
481 4048 554 4099 Bibel
564 4067 608 4099 von
623 4047 683 4114 Gott,
696 4049 743 4114 IV,
757 4049 834 4115 1876,
844 4069 870 4116 p.
885 4049 903 4098 3
914 4046 1011 4115 ss.-⁹)
1021 4048 1117 4118 Doleo,
1127 4049 1199 4118 quod
1212 4049 1454 4105 beatutidine

278 4135 430 4210 libri'fidem
440 4140 468 4190 et
477 4133 665 4189 certitudinem
676 4151 732 4188 non
746 4135 882 4202 expressis
894 4135 985 4190 verbis
995 4135 1130 4202 distinxlt3
1146 4134 1181 4188 cf.
1193 4142 1285 4190 autem
1298 4135 1314 4205 ξ
1325 4135 1365 4190 25.
1383 4136 1454 4191 Item

280 4223 375 4272 Dorner
383 4222 400 4275 l.
410 4237 432 4275 c.
442 4238 468 4290 p.
482 4221 497 4275 1
510 4221 662 4290 Erfatruoq,
672 4236 698 4289 p.
711 4220 729 4274 3
740 4220 875 4273 Gewissleit
885 4237 945 4274 cum
954 4219 1017 4275 fidei
1029 4221 1090 4290 ipsa
1099 4223 1207 4276 actione
1222 4221 1331 4277 videtur
1347 4223 1454 4277 commi·

279 4323 368 4376 scere,
391 4324 416 4376 p.
434 4306 469 4360 30
480 4322 544 4360 vero
561 4306 620 4375 ipse
632 4307 712 4361 dicit:
738 4305 921 4374 Glaubensact,
939 4313 967 4361 ct
979 4323 1062 4376 supra
1078 4323 1104 4376 p.
1117 4307 1162 4361 31:
1180 4308 1256 4376 Tristi,
1266 4305 1335 4378 quod
1345 4309 1455 4375 quidem

280 4389 469 4447 certitudinem
478 4409 533 4446 non
542 4407 601 4454 esse
614 4392 709 4448 clucet.
721 4418 755 4430 —·
768 4390 788 4460 ³)
802 4395 903 4461 schulz,
915 4393 933 4446 l.
947 4408 969 4448 c.
979 4410 1004 4461 p.
1019 4393 1059 4448 64.
1070 4423 1104 4434 -
1113 4391 1133 4461 ⁴)
1145 4393 1185 4448 (lt.
1198 4397 1304 4459 Kromna,
1314 4393 1331 4449 l.
1343 4409 1364 4447 c.
1375 4409 1401 4462 p.
1411 4393 1452 4447 30.
