3160 4990
589 425 799 489 ..35-

103 617 221 676 causam
233 615 369 674 magnum
385 596 540 657 discrimen
556 601 600 655 est
615 596 691 655 inter
705 590 740 657 τὸ
756 591 811 678 πρὸ
828 598 880 658 τοῦ
898 594 997 658 iiheiu
1011 591 1066 678 τὴν
1080 593 1177 657 πίστιν
1193 595 1221 672 3,
1238 595 1277 656 23

104 702 274 775 et'tcmpns
305 701 381 776 quod
412 699 565 759 intercedit
588 694 736 780 3120130ος
764 700 820 780 τῆς
841 696 970 772 πίστεως
992 719 1020 758 v.
1045 701 1095 758 25.
1140 697 1185 758 Ob
1216 714 1279 758 earn

104 805 197 880 ipsam
213 820 330 864 eausam
346 805 394 862 lex
410 802 538 862 Mosaica
553 820 610 860 non
626 800 745 878 sufficit,
762 801 901 875 quianon
916 802 970 860 soli
984 801 1101 879 ludaei,
1125 801 1280 860 sedetiam

104 913 208 982 gentes
218 905 372 983 justificari
388 905 497 965 debent
512 906 595 963 Rom.
619 906 647 980 3,
672 906 711 963 29
728 923 751 963 0.
780 904 816 962 01.
834 923 858 963 0.
876 907 904 962 9.
931 906 983 983 10,
1008 904 1163 979 dequibus
1185 921 1281 979 panca

104 1009 180 1068 infra
200 1009 342 1068 dicentur.
390 1008 523 1083 Apparet
538 1025 620 1082 ergo,
637 1007 761 1065 Paulum
776 1025 834 1066 non
849 1008 964 1067 inanem
981 1009 1125 1082 quandam
1140 1005 1280 1066 111101101-

106 1129 182 1171 mam
207 1112 336 1171 laudaro.
381 1112 471 1168 Immo
502 1109 636 1184 quoniam
663 1109 749 1168 tidem
776 1110 919 1169 actionem
947 1110 1136 1186 accipiendae
1170 1110 1282 1186 gratiae

106 1235 172 1276 esse
194 1216 270 1291 vult,
294 1213 367 1274 fides
389 1231 447 1272 non
470 1218 515 1271 001
535 1211 621 1288 fides,
651 1211 706 1270 nisi
729 1216 773 1271 est
793 1212 901 1290 gratia,
926 1213 980 1272 nisi
1007 1215 1087 1273 Deus
1113 1232 1143 1272 se
1169 1213 1293 1272 revela·

106 1320 149 1378 vit
164 1319 257 1394 ipsum
273 1317 303 1376 in
318 1315 444 1392 Christo,
469 1315 523 1374 nisi
539 1314 669 1374 Christus
693 1320 823 1374 mortuns
846 1321 903 1392 cst,
927 1321 960 1375 ut
982 1316 1170 1375 salvaremur.
1216 1316 1282 1387 Qua

107 1442 138 1482 re
172 1424 258 1496 longe
297 1421 404 1478 absunt
440 1437 458 1476 a
491 1417 616 1476 Paulina
650 1416 718 1478 fidei
751 1417 884 1493 notione,
916 1418 963 1492 qni
995 1437 1048 1494 pro
1079 1421 1142 1478 Deo
1169 1415 1283 1480 idecles

107 1521 209 1585 Labeo
244 1522 421 1583 substituunt
454 1522 501 1580 vel
531 1519 739 1579 redemtionem
772 1521 880 1579 realem
905 1516 1021 1602 (nempe
1044 1521 1283 1596 psychologicam

109 1629 200 1686 solum
225 1620 372 1706 dictitant)
394 1624 424 1682 in
447 1623 561 1683 Ohristo
584 1623 681 1682 datam
705 1641 769 1682 esse
791 1627 911 1698 negant.
924 1619 949 1704 1)

194 1729 276 1802 Quod
286 1729 349 1803 jam
360 1726 485 1786 vidimus
497 1725 526 1782 in
539 1724 668 1800 epistolis
681 1725 717 1783 ad
730 1725 1009 1784 Thessalonicenses
1021 1725 1145 1802 scriptis,
1157 1727 1186 1784 id
1196 1726 1283 1786 etiam

110 1832 140 1890 in
162 1831 208 1890 his
230 1830 361 1906 epistolis
383 1827 638 1902 animadvertitur,
662 1827 765 1886 summi
783 1827 921 1904 ponderis
944 1845 1008 1886 esse
1031 1829 1213 1904 objectum
1228 1831 1284 1888 vel

109 1936 254 2010 objecta
276 1932 371 1991 fidei.
416 1930 563 1989 Interdum
579 1931 688 1986 nullum
710 1929 855 2003 objectum
871 1929 990 2006 dicitur,
1007 1933 1089 1990 velut
1104 1931 1168 1991 Gal.
1188 1933 1214 2010 i,
1232 1933 1285 2004 23;

109 2037 164 2096 sad
186 2055 222 2096 en
245 2040 384 2094 contextu
407 2037 544 2108 apparet,
569 2032 598 2091 in
614 2031 759 2091 Christum
780 2029 876 2094 πίστιν
899 2051 930 2092 00
953 2033 1094 2093 conferre.
1139 2035 1285 2094 Summum

110 2145 141 2199 et
163 2138 311 2215 proprium
333 2137 479 2212 objectum
503 2139 548 2194 est
571 2136 650 2194 Deus
672 2135 734 2210 ipse
750 2135 815 2194 Gal.
840 2137 867 2212 3,
894 2139 925 2213 6;
950 2138 988 2195 ΙΙ.
1006 2137 1070 2196 001.
1095 2139 1124 2213 8,
1149 2139 1188 2215 5.,
1206 2139 1285 2198 00100

110 2247 142 2302 01
167 2259 255 2301 verus
282 2242 305 2298 1.
329 2240 394 2299 Cor.
417 2240 447 2314 8,
470 2239 554 2314 400,
578 2239 675 2312 justus
705 2242 734 2296 et
755 2237 920 2313 justificans
947 2241 1029 2298 Rom.
1054 2241 1082 2317 3,
1113 2259 1171 2300 non
1197 2241 1287 2317 igitur

111 2345 291 2402 abstractum
303 2360 354 2402 ens
370 2342 543 2418 absolutum,
560 2341 613 2399 sed
628 2341 652 2399 is
667 2340 715 2413 qui
730 2346 859 2400 mortuos
874 2343 1060 2402 resuscitavit
1075 2343 1112 2402 ll.
1123 2344 1187 2403 Gor.
1204 2347 1230 2422 1,
1248 2347 1286 2403 10
1344 2333 1350 2348 '

112 2442 568 2506 001000000000011.
592 2443 656 2502 cor.
681 2445 712 2520 a,
741 2460 799 2504 non
827 2444 1006 2518 quibuslibet
1032 2445 1210 2524 nominihus,
1234 2433 1287 2507 000

111 2548 196 2608 nobis
225 2581 262 2590 —
286 2547 376 2623 igitur
396 2551 496 2606 noster
522 2548 602 2606 Deus
625 2548 708 2605 Rom.
735 2549 761 2623 1,
785 2548 822 2624 8;
853 2547 876 2605 Ι.
893 2547 958 2607 Cor.
982 2551 1011 2626 8,
1036 2553 1065 2612 6.
1110 2550 1191 2608 Idem
1206 2551 1287 2610 Deus

112 2658 157 2712 est
183 2657 268 2727 pater
289 2651 359 2710 Jesu
382 2649 488 2712 Ohristi
520 2649 638 2726 (1014,
663 2650 706 2726 4.,
731 2667 815 2722 quem
842 2650 918 2709 misit
945 2655 977 2709 ut
1007 2667 1061 2710 nos
1087 2651 1243 2712 redimeret
1270 2671 1288 2712 a

110 2758 178 2830 lege
212 2760 241 2813 et
273 2754 311 2813 ab
345 2753 390 2812 ira
411 2752 480 2830 Dei;
512 2770 571 2827 qna
603 2769 634 2810 re
668 2752 727 2810 alia
760 2752 877 2826 singula
909 2753 1026 2828 objecta
1059 2759 1127 2813 sunt
1156 2755 1288 2815 Christus

112 2859 177 2919 Gal.
201 2859 229 2933 2,
255 2857 308 2927 2ος
338 2861 366 2932 3,
393 2858 407 2914 1
433 2849 693 2938 (ἐσταυρωμένος),
717 2856 799 2913 Rom.
817 2856 844 2928 3,
861 2855 902 2914 22
917 2871 955 2914 ss.
979 2857 1008 2933 4,
1034 2858 1094 2935 25,
1123 2851 1137 2920 ὁ
1161 2855 1292 2941 σταυρός

112 2961 180 3022 Gal.
204 2961 232 3038 5,
259 2961 313 3036 113
338 2961 366 3035 6,
393 2959 522 3035 1214,
546 2952 634 3038 χάρις
654 2957 707 3018 τοῦ
728 2956 802 3018 &leod
825 2957 889 3016 Gal.
914 2959 942 3035 2,
969 2961 1020 3037 11;
1052 2961 1196 3020 accedunt
1211 2963 1289 3020 bona

112 3081 190 3140 quae
213 3063 294 3122 Deus
319 3079 372 3136 per
395 3061 539 3120 Christum
567 3059 651 3118 nobis
678 3059 787 3119 donare
814 3061 890 3138 vult,
919 3064 1000 3121 velut
1022 3059 1192 3146 δικαιοσύνη
1215 3064 1289 3128 0,tecit

113 3167 150 3231 ἐκ
165 3162 388 3237 111010ος800.
404 3165 430 3240 1,
446 3164 504 3240 17,
522 3157 582 3244 ζωὴ
598 3157 720 3240 αἰώνιος,
737 3163 909 3223 resurrectio
926 3171 1102 3225 mortuorum
1119 3169 1141 3226 l.
1159 3168 1224 3226 Cor.
1240 3167 1287 3244 15,

114 3268 298 3344 evangelium
322 3267 416 3342 ipsum
438 3267 503 3326 Gal.
530 3268 556 3341 1,
581 3260 621 3326 τὰ
643 3259 685 3347 μὴ
707 3261 879 3347 βλεπόμενα
899 3268 938 3326 11.
955 3267 1019 3327 Ocr.
1043 3270 1072 3345 4,
1099 3271 1149 3340 18;
1174 3271 1290 3345 singula

115 3372 254 3448 dogmata
276 3371 298 3428 Ι.
322 3369 388 3429 Cor.
413 3369 461 3445 15,
486 3371 569 3443 300,
593 3366 709 3442 singula
729 3370 821 3428 verba
843 3370 899 3428 Dei
922 3369 986 3430 Gal.
1004 3373 1043 3447 3.,
1067 3373 1149 3431 Rom.
1174 3373 1202 3449 4,
1228 3373 1288 3449 21,

114 3475 208 3534 multa
235 3473 302 3532 alia.
353 3471 429 3542 Quia
457 3471 532 3530 enim
559 3471 588 3528 in
615 3471 711 3530 media
733 3471 881 3546 theologia
911 3478 941 3531 et
964 3473 1181 3548 praedicatione
1206 3477 1290 3535 Pauli

115 3577 185 3637 lidei
206 3575 285 3636 notio
301 3579 443 3651 versatur,
468 3579 603 3650 apparet,
628 3573 725 3633 omnia
747 3591 821 3648 quae
843 3575 1073 3653 praedicaverit,
1097 3577 1127 3636 in
1150 3577 1236 3638 fidem
1258 3599 1290 3640 00

117 3679 265 3755 conferre,
290 3696 383 3751 neque
406 3696 469 3737 0000
492 3678 567 3736 ullas
589 3695 636 3736 res
659 3675 773 3736 divinas
795 3695 870 3750 quae
885 3695 943 3736 ncu
959 3678 997 3738 ad
1012 3679 1098 3738 fidem
1113 3681 1289 3756 pertineant.

116 3785 222 3858 Neque
249 3779 366 3842 difficile
394 3780 432 3840 ad
457 3775 678 3854 intelligendum
706 3785 763 3856 est,
787 3779 931 3854 quomodo
954 3801 991 3840 ex
1013 3801 1071 3842 nna
1092 3785 1290 3859 propositione

117 3885 187 3946 fidei
208 3884 238 3943 in
257 3886 352 3944 Deum
375 3899 534 3942 conversae
556 3888 685 3957 systema
708 3881 858 3942 doetrinae
880 3882 1001 3942 oriatur:
1015 3880 1042 3966 2)
1065 3887 1103 3944 oh
1118 3903 1182 3945 eam
1197 3887 1290 3962 ipsam

119 4051 323 4066 *mnu—nn

207 4155 227 4226 ¹)
246 4156 330 4212 Nullo
345 4153 407 4224 jure
426 4150 565 4210 contendit
584 4152 672 4206 Satala
689 4151 707 4210 l.
726 4170 748 4209 0.
766 4168 792 4224 p.
810 4151 844 4210 90
857 4171 906 4223 10,
918 4153 999 4210 tidem
1011 4171 1149 4225 nunquam
1161 4173 1205 4214 res
1219 4159 1290 4215 lutu-

122 4257 165 4298 100
182 4248 315 4311 spectare.
351 4241 460 4294 Summo
473 4248 501 4294 et
513 4242 696 4309 pulcherrimo
710 4241 809 4296 ardore
827 4241 953 4295 describit
965 4243 1071 4293 Rtekert
1083 4244 1100 4298 l.
1113 4261 1143 4315 0.,
1156 4246 1291 4314 objectum

122 4342 181 4382 0000
192 4326 256 4382 fidel
267 4326 336 4382 illud
348 4342 430 4395 supra
442 4333 572 4394 notatum,
584 4326 632 4380 sed
643 4327 702 4395 ipse
714 4344 739 4396 p.
753 4327 805 4381 254
815 4343 845 4382 00
858 4327 950 4394 aliquo
963 4328 1041 4383 modo
1053 4345 1070 4384 a
1084 4329 1167 4385 Panlo
1182 4331 1291 4388 differre

122 4411 275 4468 confltetur.
286 4411 337 4486 ¹Cf.
354 4413 483 4480 Ecold,l.
496 4414 513 4468 1.
526 4426 552 4480 p.
565 4413 662 4468 26400.
680 4437 714 4452 -=
737 4411 757 4480 ³)
776 4413 955 4480 Quamobrem
973 4415 1074 4484 801010,
1091 4415 1108 4471 1,
1128 4435 1149 4472 o.
1168 4435 1194 4487 p.
1213 4417 1292 4474 XVll

1050 4503 1088 4556 3*
