3160 4990
608 373 820 430 ...49-

129 546 219 603 solam
247 550 373 603 revocat.
422 543 478 603 Sed
511 549 671 602 teneamus:
706 544 781 603 fere
816 543 914 602 solum.
965 543 1036 602 Sunt
1068 544 1140 603 duae
1173 535 1301 604 veritatis

127 655 226 723 partes
242 665 312 723 quas
330 646 448 705 difficile
472 653 516 705 est
538 663 712 718 cognoscere
736 652 765 704 et
788 649 974 720 conjungere:
997 648 1184 706 antinomiam
1208 647 1301 706 denuo

127 753 296 812 invenimus.
319 752 419 808 Noluit
434 749 540 808 Paulus
553 750 629 808 nullo
642 749 725 808 modo
738 751 791 808 sibi
804 751 1004 808 contradicens
1017 750 1117 824 videri,
1135 756 1165 809 ut
1177 755 1303 823 systema

130 854 254 912 voluerit
277 860 375 912 tenere
399 854 511 912 etiarnsi
536 854 642 911 veritas
662 856 724 926 ipsa
743 860 857 930 pereat3
883 854 952 912 nihil
973 855 1032 926 ejus
1048 852 1207 925 referebat,
1230 854 1302 912 alias

131 959 218 1015 aliam
234 957 363 1014 veritatis
378 961 491 1028 partem
513 958 667 1029 praecipue
687 956 891 1028 demonstrat
917 963 949 1016 ut
968 957 1081 1014 nonnisi
1105 955 1215 1015 duabus
1235 973 1302 1014 oon-

126 1059 236 1131 junctis
256 1059 384 1132 partibus
401 1065 462 1117 tola
477 1059 583 1116 veritas
600 1064 763 1132 appareret.
774 1057 796 1136 ¹)
821 1061 882 1132 Qua
901 1077 934 1118 re
950 1076 1007 1118 non
1022 1058 1116 1118 habeo
1132 1076 1183 1117 cur
1199 1059 1303 1134 dicam,

130 1167 251 1236 propter
273 1162 340 1221 fidei
363 1163 507 1220 notionem
531 1161 581 1218 has
603 1163 740 1235 epistolas
756 1179 773 1220 a
789 1163 879 1221 Paulo
902 1162 1023 1236 scriptas
1047 1179 1187 1222 essenon
1209 1179 1303 1236 posse.

217 1266 352 1323 Ceterum
382 1267 466 1322 etiam
495 1266 524 1322 in
552 1265 595 1322 his
620 1265 709 1324 tribus
733 1271 762 1323 et
783 1266 890 1324 ultimis
913 1267 1040 1338 epistolis
1064 1265 1131 1324 fidei
1153 1266 1202 1324 illa
1224 1266 1304 1325 notio

130 1369 349 1428 fundamentum
371 1372 415 1426 est
437 1369 523 1426 totius
547 1366 802 1427 demonstrationis
825 1369 1005 1442 omniumque
1028 1371 1244 1442 postulatorum.

217 1473 311 1530 Locus
334 1471 499 1545 principalis
523 1477 567 1528 est
589 1471 643 1530 Tit.
661 1473 688 1542 3,
711 1471 812 1532 4-8,
856 1472 933 1530 Deus
956 1471 996 1529 ihi
1019 1473 1182 1544 appellatur
1204 1466 1304 1553 σωτήρ

131 1595 156 1635 ν,
173 1577 213 1646 4.,
237 1577 303 1647 quia
322 1569 429 1636 ἔσωσεν
443 1567 526 1654 ἡμᾶς
541 1569 595 1634 οὐκ
610 1568 641 1647 ἐξ
657 1568 748 1655 ἔργων
762 1574 819 1635 τῶν
835 1572 865 1636 ἐν
880 1569 1052 1654 δικαιοσύνῃ
1068 1561 1106 1634 ὧν
1121 1568 1304 1656 ἐποιήσαμεν

131 1673 233 1763 ἡμεῖς,
259 1677 309 1736 sed
332 1671 417 1750 κατοί1
435 1671 470 1737 τὸ
494 1672 584 1738 αὐτοῦ
608 1671 704 1752 ἔλεος,
733 1678 842 1736 scilicet
865 1672 914 1738 διὰ
935 1677 1057 1759 λουτροῦ
1079 1657 1306 1758 παλιγγενεσίας

131 1777 186 1844 καὶ
203 1775 430 1852 ἀνακαινώσεως
448 1775 617 1860 πνεύματος
629 1773 711 1861 ἁγίου
723 1781 788 1840 κτλ.
817 1780 978 1853 Opponitur
993 1782 1083 1854 igitur
1095 1797 1166 1854 opus
1179 1781 1305 1838 divinum

109 1904 113 1912 ·
134 1885 266 1958 operibus
284 1885 388 1941 nostris
408 1877 509 1964 (ἡμεῖς
526 1884 555 1940 in
571 1881 627 1941 fine
638 1884 841 1956 propositionis
853 1877 1001 1964 urgetur):
1018 1899 1072 1942 non
1088 1885 1209 1941 salutem
1224 1883 1305 1941 nobis

137 1983 215 2040 dedit
230 1985 330 2058 talem,
354 1986 445 2058 qualis
468 2003 503 2044 ex
526 1986 663 2057 operibus
678 2003 696 2043 a
711 1985 792 2044 nobis
808 1986 979 2057 injustitiae
995 1991 1073 2045 statu
1088 1985 1171 2046 factis
1186 1989 1306 2050 oriatur.

134 2087 234 2160 Neque
257 2089 327 2146 dicit
348 2089 372 2146 is
393 2089 439 2161 qui
455 2090 581 2161 scripsit,
603 2106 635 2147 re
659 2105 729 2147 vera
752 2106 829 2147 esse
851 2088 991 2162 ejusmodi
1011 2091 1151 2160 Justitiarn
1166 2091 1211 2148 vel
1231 2090 1306 2161 eJus-

132 2191 209 2248 modi
232 2207 333 2263 opera,
356 2191 496 2264 siquidem
519 2193 605 2250 etiam
628 2191 878 2264 pronuntiantibus
893 2192 975 2250 nobis
997 2193 1253 2252 contradictionem
1275 2195 1306 2252 in

133 2295 248 2366 adJecto
267 2295 296 2351 in
314 2295 357 2352 his
379 2294 474 2352 verbis
494 2295 588 2351 inesse
604 2296 701 2351 statim
717 2300 847 2370 apparet,
871 2295 921 2354 sed
934 2297 1021 2368 ponit,
1047 2301 1079 2354 ut
1094 2297 1194 2354 statim
1208 2295 1305 2372 tollat3

132 2399 246 2455 etiarnsi
262 2404 362 2469 essent,
373 2414 408 2454 ex
417 2397 452 2454 iis
465 2395 601 2470 operibus
614 2397 735 2456 salutem
746 2402 844 2457 tamen
855 2404 943 2471 negat
954 2404 1158 2472 proventuram
1171 2415 1242 2472 esse,
1255 2398 1305 2458 sed

133 2517 169 2558 ex
181 2501 276 2572 gratia
291 2501 346 2558 Dei
363 2501 433 2558 dicit
447 2501 598 2572 provenire
610 2516 661 2558 nos
677 2500 888 2574 regenerantis3
906 2517 991 2558 versu
1006 2504 1032 2563 7.
1045 2502 1173 2575 quamvis
1190 2501 1305 2559 difficile

134 2605 173 2660 sit
185 2604 221 2662 ad
235 2603 385 2663 dicendum
397 2603 537 2676 quomodo
547 2595 745 2676 ἀνακαίνωσις
754 2609 781 2660 et
792 2597 945 2675 δικαίωσις
957 2603 1034 2661 inter
1045 2620 1075 2661 se
1089 2604 1262 2663 cohaereant
1272 2601 1305 2680 ²),

135 2711 232 2764 tamen
250 2708 310 2765 sine
327 2706 412 2765 dubio
428 2705 512 2765 homo
528 2706 632 2764 dicitur
650 2703 848 2786 tractatura
863 2706 911 2779 (cf.
927 2707 948 2764 Ι.
966 2706 1039 2766 Tim.
1056 2707 1091 2780 3,
1117 2709 1155 2766 16
1173 2713 1202 2766 et
1219 2723 1307 2782 supra

137 2825 203 2882 pag.
213 2809 251 2866 25
261 2807 297 2890 s.)
310 2811 329 2870 i.
341 2829 365 2869 e.
381 2810 411 2866 in
427 2826 530 2868 novum
546 2814 650 2868 statum
668 2810 828 2883 transponi,
845 2815 874 2868 et
889 2807 974 2868 heres
991 2809 1055 2868 fieri
1067 2811 1163 2884 gratia
1174 2812 1242 2889 Dai3
1259 2811 1307 2884 qui

138 2913 250 2984 quidem
281 2908 368 2994 λόγος
395 2913 498 2970 dicitur
520 2931 546 2972 v.
570 2915 598 2986 8,
623 2911 659 2972 cf.
682 2913 705 2971 Ι.
720 2913 791 2972 Tim.
816 2913 840 2984 1,
867 2912 1015 2984 14-16„
1039 2913 1118 2975 locus
1140 2915 1307 2988 principalis

136 3014 283 3074 doctrinae
306 3016 490 3075 christianae.
536 3016 641 3088 Quodsi
669 3031 758 3088 opera
785 3015 909 3074 humana
936 3015 978 3074 his
1002 3015 1132 3089 epistolis
1154 3022 1304 3090 urgentur,

134 3124 275 3192 urgentur
305 3120 384 3177 salva
406 3119 460 3176 Dei
490 3119 586 3192 gratia
618 3124 646 3177 et
674 3120 789 3177 excluso
819 3120 895 3177 omni
922 3120 1026 3177 merito
1047 3119 1171 3178 humano
1195 3119 1229 3178 cf.
1252 3120 1308 3181 Tit.

138 3223 166 3292 2,
192 3223 334 3280 11-14,
368 3221 424 3280 Sed
447 3239 511 3280 cunr
533 3223 628 3296 gratia
651 3221 748 3280 divina
769 3221 870 3280 eodem
893 3238 977 3280 versu
992 3221 1020 3280 8.
1036 3223 1143 3296 optime
1163 3224 1310 3300 conjungi-

137 3330 184 3382 tur
214 3327 289 3384 actio
318 3326 449 3383 humana.
493 3325 647 3384 Christiani
677 3327 752 3384 onim
775 3324 910 3383 dicuntur
932 3319 1176 3400 πεπιστευκότες,
1205 3327 1310 3399 quippe

138 3430 185 3500 qui
212 3429 326 3486 actione
355 3423 483 3498 πίστεως
509 3429 597 3486 semel
624 3426 701 3486 facta
728 3432 758 3486 et
785 3444 873 3500 usque
896 3429 926 3485 in
948 3442 1087 3501 praesens
1109 3433 1221 3502 tempus
1244 3444 1309 3486 cou-

135 3532 247 3590 tinuata
276 3531 426 3589 christiani
447 3530 517 3588 facti
540 3531 612 3588 sint:
644 3547 714 3604 opus
737 3531 825 3604 igitur
847 3531 987 3603 divinum,
1016 3524 1181 3592 sciliceta&
1206 3529 1308 3604 σῶσαι,

135 3629 156 3718 ἡ
169 3631 388 3716 παλιγγενεσία,
403 3628 613 3708 ἀνακαίνωσις,
635 3627 670 3694 τὸ
687 3632 828 3719 δικαιοῦν,
842 3642 900 3691 non
915 3639 1068 3707 separatur
1083 3651 1101 3692 a
1116 3633 1183 3692 fidei
1199 3635 1311 3692 actione

135 3738 272 3810 humana,
296 3737 331 3796 cf.
354 3739 375 3796 l.
392 3738 462 3795 Tim.
482 3738 506 3810 1,
532 3737 583 3808 143
609 3738 635 3808 1,
661 3738 712 3795 15:
735 3727 885 3824 ἀποδοχή,
911 3737 938 3811 3,
964 3738 1015 3794 16:
1039 3731 1217 3816 ἐπιστεύῖνη,
1243 3752 1310 3794 con·

136 3846 184 3899 tra
214 3840 251 3898 ll.
278 3842 351 3903 Tim.
380 3841 414 3916 2,
447 3842 499 3898 13:
530 3837 557 3900 εἰ
588 3833 776 3920 ἀπιστοῦμεν.
829 3838 913 3898 Unde
944 3841 1051 3912 evenit,
1082 3845 1114 3897 ut
1142 3838 1311 3897 vocabulum

135 3937 266 4015 πίστεως
291 3944 459 4016 saepissime
484 3944 512 4000 in
540 3942 584 4000 his
611 3943 774 4002 inveniatur
803 3941 946 4018 epistolis,
975 3940 1010 4000 cf.
1033 3943 1055 4001 I.
1079 3941 1150 4000 Tim.
1177 3942 1208 4015 1,
1232 3941 1260 4000 2.
1283 3940 1311 3999 4.

136 4091 342 4105 ’.ωηο-.-

208 4193 228 4264 ¹)
247 4196 286 4253 Cf.
303 4197 450 4262 Schumunn,
469 4197 520 4247 Der
537 4197 767 4263 waltpeschiclrtlirhe
779 4195 1064 4261 Enlwr'clrelunqsprocess
1082 4196 1106 4244 r'n
1123 4196 1201 4244 νείκεα
1214 4193 1310 4260 Haupt-

136 4295 261 4334 momeaten
283 4286 343 4335 noch
365 4286 416 4334 dem
438 4283 587 4350 Ledrspstem
610 4284 651 4332 cles
676 4283 780 4347 Paulus,
805 4281 904 4347 Creseld
926 4280 1008 4345 1875,
1030 4299 1057 4346 p.
1083 4279 1107 4333 4.
1127 4280 1151 4334 5,
1170 4309 1203 4319 -
1227 4276 1247 4349 ²)
1271 4277 1310 4334 Cf.

137 4373 270 4422 Hullerum
288 4371 323 4424 ad
341 4369 439 4425 locum.

190 4467 216 4510 G.
231 4467 464 4516 sarracenum,
476 4466 508 4505 De
522 4465 571 4504 fidel
583 4465 669 4504 notione
679 4465 776 4505 Paulina.
1090 4453 1109 4506 4
