3160 4990
612 382 820 444 -41-

136 553 260 625 debent;
287 557 376 627 agant
397 559 429 611 ut
450 553 545 614 velint.
590 553 654 611 Hoc
681 567 753 612 vero
782 552 873 610 solum
895 551 1026 610 omnibus
1052 553 1082 609 in
1108 551 1194 611 rebus
1217 567 1304 625 qnae·

135 659 213 731 rant,
243 659 274 714 nt
295 656 351 715 Dei
372 656 509 715 honorem
538 660 676 728 augentes
705 656 731 712 ei
758 671 870 728 semper
897 654 1032 728 placeant
1061 649 1099 714 II.
1123 652 1189 718 Cor.
1212 654 1240 726 5,
1269 656 1305 725 9.,

136 775 252 818 carnem
274 775 342 818 vero
364 761 532 832 impugnent
553 756 617 816 Gal.
633 757 661 831 5,
687 759 724 816 16
748 775 785 817 ss.
829 758 861 816 In
884 757 940 816 hoo
962 757 1037 816 euim
1060 762 1119 816 stat
1140 756 1209 816 fidei
1230 758 1306 816 actio

133 863 226 936 prima
237 861 313 938 (pag.
331 862 350 920 5
367 878 404 923 ss.
418 862 480 936 30),
501 866 534 919 ut
549 861 605 920 Dei
620 862 714 935 gratia
728 861 901 934 accipiatur3
923 861 953 918 in
976 860 1217 934 tenenda-gratia
1237 877 1304 933 per·

134 970 185 1038 gut
206 964 291 1023 homo
312 962 419 1037 fidelis,
441 969 474 1022 ut
485 965 579 1035 justus
594 980 651 1023 non
666 964 760 1024 faetus
775 964 866 1022 solum
882 963 932 1036 sit,
955 962 1006 1022 sed
1028 968 1151 1025 maneat.
1185 963 1307 1037 Oportet

135 1083 281 1144 erescere,
313 1071 428 1141 oportet
457 1065 570 1141 bellare,
595 1067 617 1128 Ι.
646 1065 711 1126 Cor.
739 1069 771 1139 9,
803 1066 858 1138 25;
893 1064 1038 1125 Christum
1068 1065 1185 1140 oportet
1214 1066 1306 1138 magis

133 1170 281 1244 magisque
307 1171 337 1228 in
363 1169 445 1230 nobis
473 1168 672 1251 μορρωδῆυαι
702 1169 764 1228 Gal.
787 1169 823 1242 4,
855 1170 903 1234 19.
953 1169 1022 1227 Vult
1048 1174 1143 1250 antem
1170 1169 1249 1228 Dens
1275 1172 1307 1227 ut

134 1273 240 1332 fratres
263 1289 404 1345 amemus,
429 1288 519 1345 quare
541 1273 605 1330 sola
626 1267 724 1344 πίστις
746 1266 779 1332 δι’
805 1264 927 1353 ἀγάπης
949 1268 1139 1353 ἐνεργουμένη
1163 1265 1257 1351 ίσχύει
1278 1290 1307 1332 τι

134 1392 232 1436 eoram
259 1375 322 1434 Deo
344 1373 408 1433 Gal.
431 1375 458 1448 5,
482 1378 500 1432 6
528 1373 564 1433 of.
586 1376 610 1438 l.
633 1373 698 1432 (ior.
724 1376 777 1446 10,
799 1374 850 1434 24.
895 1374 977 1433 Haeo
1004 1375 1080 1433 enim
1108 1378 1152 1434 est
1177 1373 1307 1434 voluntas

134 1481 191 1538 Dei
213 1494 356 1552 nunquam
379 1476 517 1537 solvenda
538 1478 576 1539 H.
600 1476 665 1540 Cor.
689 1478 718 1550 5,
743 1479 781 1536 10
804 1475 842 1538 of.
864 1494 930 1550 pag.
953 1478 1007 1548 203
1038 1493 1122 1551 quam
1145 1478 1194 1551 qui
1216 1479 1308 1550 seqni-

134 1587 190 1658 tur,
222 1577 333 1661 σπείρει
364 1576 407 1652 είς
435 1573 470 1640 τὸ
502 1580 620 1660 πυεύμα
649 1592 678 1638 ot
699 1575 813 1661 ‘inspira
835 1573 912 1654 ζωὴν
935 1573 1047 1641 αίύυιου
1069 1579 1132 1642 Gal.
1157 1581 1233 1653 6,8
1263 1581 1308 1638 vel

134 1684 210 1743 beno
232 1682 401 1742 aedificatus
423 1687 469 1741 est
489 1683 518 1740 in
540 1683 645 1740 bonum
669 1673 883 1742 fundamentum
905 1683 927 1741 1.
951 1683 1018 1744 Cor.
1040 1683 1088 1755 14,
1111 1683 1129 1740 3
1153 1683 1189 1742 al.
1222 1682 1308 1741 Vide-

135 1805 199 1846 mus
222 1787 341 1845 eandem
365 1801 478 1860 semper
499 1785 568 1844 fidei
589 1786 747 1858 notionem,
776 1787 917 1846 actionem
940 1785 1052 1845 scilicet
1073 1785 1308 1860 apprehendendi

135 1907 251 1965 semper
272 1890 366 1947 denuo
388 1889 480 1948 Deum
503 1893 533 1948 et
555 1889 616 1960 ejus
639 1885 761 1962 dona1)
794 1895 796 1899 '
1303 1961 1307 1972 ¹

219 1993 285 2051 Jam
309 1993 401 2051 oritur
421 1993 564 2066 quaestio,
588 1990 759 2065 quomodo
782 1991 920 2064 singula
942 1991 1165 2065 explicentur
1187 1996 1310 2065 postu-

135 2101 213 2158 lata
234 2113 275 2155 ex
296 2095 461 2168 generali
483 2093 576 2153 fidei
597 2089 793 2173 notione2)
816 2094 876 2152 sive
899 2110 934 2153 ex
957 2095 1019 2152 sola
1041 2095 1143 2167 regula
1165 2095 1260 2152 ethica
1279 2096 1308 2153 in

134 2199 193 2259 fide
220 2199 368 2258 conclusa:
399 2191 500 2259 πάντα
530 2193 573 2270 εἰς
598 2190 689 2271 δόξαν
715 2196 796 2260 ςδεού
825 2201 936 2258 ποιεῖτε
961 2199 985 2257 Ι.
1009 2198 1072 2260 Cor.
1099 2199 1151 2271 10,
1180 2199 1229 2256 31.
1279 2197 1310 2256 Si

135 2305 210 2363 enim
232 2300 288 2361 fide
310 2301 406 2374 gratia
420 2301 475 2359 Dei
497 2301 539 2360 ita
561 2301 711 2376 accipitur,
735 2305 768 2359 nt
789 2302 865 2359 omni
887 2302 991 2362 merito
1013 2303 1129 2361 excluso
1152 2303 1238 2361 solius
1253 2302 1308 2360 Dei

135 2408 267 2464 servetur
287 2404 392 2477 honos,
414 2404 503 2463 vitam
525 2402 617 2463 fidelis
640 2405 682 2463 ita
696 2409 776 2478 aget,
800 2408 830 2462 nt
845 2404 922 2463 omni
937 2406 1040 2463 merito
1057 2405 1171 2464 exoluso
1186 2405 1309 2478 gratiam
1416 2487 1419 2494 Ι

133 2507 189 2566 Dei
223 2505 292 2565 velit
319 2511 433 2578 tenere,
467 2506 555 2565 solius
586 2506 642 2564 Dei
671 2523 814 2580 quaerens
845 2506 965 2580 gloriam
996 2525 1045 2566 eas
1076 2508 1201 2581 probans
1232 2507 1309 2565 vires

135 2609 307 2683 spirituales,
323 2625 393 2682 quas
405 2609 483 2668 Deus
494 2610 555 2683 ipse
571 2609 598 2668 ei
611 2609 697 2668 dedit.
725 2609 856 2668 Postulat
865 2610 979 2683 quidem
990 2612 1137 2684 apostolus
1150 2608 1214 2668 Gal.
1226 2610 1255 2686 5,
1274 2610 1289 2667 1
1302 2627 1308 2668 :

135 2713 175 2794 τῇ
206 2708 363 2795 ἐλευῖιερία
390 2705 518 2793 στήκετε
544 2706 598 2774 καὶ
625 2706 667 2794 μὴ
689 2707 777 2773 πάλιν
800 2711 876 2795 ζυγῷ
897 2709 1032 2786 δουλείας
1055 2710 1205 2792 εὐέχεσῗιε.
1252 2711 1308 2771 Sed

137 2815 217 2874 addit
238 2833 262 2874 v.
289 2815 342 2873 13:
366 2809 454 2895 μόνον
476 2808 519 2902 μὴ
540 2808 595 2896 τὴν
617 2811 789 2896 ἐλευῖιερίαυ
811 2811 854 2888 εἰς
877 2808 1014 2897 ἀφορμὴν
1036 2817 1075 2896 τῇ
1098 2813 1200 2898 σαρκί,
1229 2809 1310 2878 ἀλλὰ

136 2913 187 2980 διὰ
218 2917 273 2999 τῆς
300 2911 422 3000 ἀγάπης
448 2911 600 2979 δουλεύετε
628 2911 775 3000 ἀλλήλοις.
829 2911 844 2980 ὁ
874 2911 932 3000 γὰρ
964 2918 1025 2992 πᾶς
1052 2914 1143 3001 υύμος
1170 2919 1235 2980 κτλ.
1274 2918 1309 2977 oi.

135 3041 161 3081 v.
188 3019 339 3092 19-213
361 3023 389 3093 6,
414 3022 466 3100 123
487 3021 570 3081 Rom.
593 3021 620 3095 3,
643 3023 671 3082 8.
716 3020 811 3095 Supra
832 3022 908 3081 enim
932 3022 970 3095 (p.
996 3024 1034 3080 19
1057 3021 1106 3099 ss.)
1130 3021 1308 3082 demonstra-

135 3125 239 3196 vimus,
262 3123 316 3183 hoo
337 3125 485 3198 postulare
507 3123 599 3182 Deum
622 3140 745 3198 semper,
771 3125 826 3183 hoe
855 3140 919 3183 esse
942 3141 1040 3184 verum
1062 3121 1217 3207 δικαίωμα
1237 3126 1310 3199 legis

135 3228 291 3314 Mosaioae.
335 3225 463 3286 Gratiam
491 3243 571 3286 suam
599 3243 683 3301 quum
709 3227 787 3286 Deus
815 3227 977 3286 hominibus
1006 3227 1132 3298 dederit,
1158 3229 1199 3287 ita
1221 3227 1310 3300 dedit,

136 3333 169 3392 ut
197 3330 254 3389 hoo
283 3327 436 3412 δικαίωμα
464 3347 520 3389 non
548 3331 711 3405 neglexerit
740 3331 844 3405 quippe
872 3331 948 3406 quod
976 3348 1034 3389 non
1056 3331 1085 3390 in
1104 3330 1310 3404 justificatione

136 3519 181 3574 15:
205 3519 237 3572 In
261 3531 329 3586 paee
351 3515 439 3570 vocati
462 3531 557 3584 paoem
580 3518 734 3582 teneamus,
757 3515 785 3581 6,
808 3515 1064 3584 16.19;3,16υ.;
1086 3531 1200 3584 corpora
1217 3523 1311 3570 nostra

137 3604 201 3672 quia
219 3602 270 3657 Dei
287 3608 351 3656 sunt
373 3618 407 3656 ne
429 3601 615 3670 proferemus,
640 3601 668 3670 5,
690 3602 720 3654 7:
744 3601 803 3655 sitis
825 3602 878 3656 υέου
896 3599 1016 3671 φύραμα,
1039 3601 1107 3656 sient
1129 3601 1194 3656 estis
1212 3597 1310 3670 ἄζυμοι,

137 3689 171 3744 ΙΙ.
191 3688 251 3742 Cor.
271 3688 342 3756 6,1;
360 3687 476 3755 gratiam
495 3687 545 3741 Dei
563 3688 714 3756 accepimus
733 3717 766 3726 -
784 3685 820 3755 μὴ
840 3689 874 3750 εἰς
892 3685 962 3742 κευόυ
979 3689 1000 3742 Ι.
1018 3688 1077 3742 Gor.
1097 3688 1137 3757 10,
1156 3688 1190 3741 14
1206 3703 1242 3741 ss.

227 3776 245 3841 ¹)
264 3776 371 3840 Lapsr'uo,
388 3776 404 3825 ί.
417 3794 436 3826 o.
446 3793 473 3840 p.
493 3774 556 3824 196.-
573 3775 621 3824 Dr'e
639 3776 799 3840 uatesuupene
819 3773 1054 3840 Gepeartberrtellunq
1071 3792 1115 3824 uon
1140 3773 1244 3824 Glandeo
1261 3775 1311 3823 uad

143 3861 243 3912 Werlren
261 3863 292 3912 ist
308 3881 356 3927 ραν
374 3862 436 3913 nicht
457 3879 482 3912 so
505 3863 670 3928 unpouziniscl
691 3863 731 3912 uls
753 3879 807 3910 mun
830 3862 915 3924 αιικίιί,ο
937 3860 970 3915 ef.
989 3862 1018 3913 io.
1033 3880 1060 3926 p.
1082 3860 1132 3910 125
1150 3879 1181 3912 ss.
1217 3861 1311 3924 Frioke,

138 3948 155 3999 l.
169 3965 188 3999 c.
198 3965 225 4012 p.
239 3948 263 4000 6.
299 3947 453 4001 Cavendum
472 3954 526 4015 est,
548 3964 582 4002 ne
605 3963 639 4000 ex
658 3948 716 4002 sola
734 3946 798 4000 fidei
816 3946 902 4001 forma
917 3946 1024 4015 justitia
1042 3946 1113 4000 vitae
1131 3949 1310 4012 construatur,

137 4033 211 4087 siout
229 4033 335 4084 Ituckert
353 4033 477 4087 obstante
493 4034 589 4085 Boario
607 4040 719 4087 conatus
739 4039 788 4087 est.
814 4033 916 4086 Notum
933 4039 986 4101 est,
1004 4049 1061 4086 rem
1079 4031 1218 4086 difficilem
1236 4047 1309 4098 esse3

138 4136 173 4173 ex
196 4119 288 4173 inani
311 4125 402 4173 autem
425 4124 498 4173 certe
521 4119 584 4174 fidei
606 4119 715 4173 notione
739 4119 830 4173 nullae
853 4125 967 4187 possunt
988 4118 1092 4172 hauriri
1114 4117 1239 4186 regulae3
1263 4115 1310 4170 sed

136 4204 202 4259 fidei
219 4205 324 4260 notioni
343 4206 432 4273 gratia
449 4204 597 4273 respondet
615 4209 642 4259 et
660 4205 789 4259 revelatio
808 4205 904 4258 diuina.
917 4234 951 4244 -
965 4203 986 4274 ²)
999 4207 1031 4258 In
1049 4206 1101 4259 hac
1119 4219 1148 4259 re
1167 4209 1310 4272 tantopere

137 4290 250 4344 offendit
274 4292 381 4360 ntuetr,
410 4295 440 4345 ut
461 4291 546 4345 Paulo
576 4291 649 4344 dieat
677 4307 744 4359 opus
772 4291 857 4345 fuisse
882 4307 947 4346 suae
969 4292 1054 4360 ipsius
1076 4291 1217 4345 doetrinae
1241 4289 1310 4343 fines

137 4376 231 4444 egredi
248 4377 357 4432 Almam.
376 4378 478 4444 Kircte,
497 4375 550 4428 102
567 4395 585 4430 s.
621 4376 660 4433 Cf.
679 4377 780 4443 Euuld,
798 4379 875 4428 Ledre
893 4395 936 4428 eoo
957 4377 1022 4445 Gon,
1041 4379 1089 4444 IV,
1105 4396 1131 4446 p.
1151 4375 1201 4429 113
1217 4395 1249 4432 aa.
