3160 4990
611 397 820 458 ..57-

131 567 216 627 modo
247 567 318 626 illud
348 583 451 626 nomen
480 563 538 624 dat.
584 564 713 639 Uterque
745 561 865 624 eandem
896 583 957 626 rem
990 564 1151 642 praedicat,
1189 564 1302 627 diverse

18 681 19 686 ’
131 669 282 744 significat.
311 670 393 729 Alter
406 667 492 728 fidem
504 667 595 728 solum
609 669 780 742 principium
794 669 872 729 ritae
884 669 1057 729 christianae
1068 669 1181 728 nuntiat
1192 685 1255 728 eam
1267 687 1302 729 ex

130 792 188 848 qua
203 784 294 848 opera
308 773 384 834 bona
398 773 580 848 nonpossint
595 787 651 831 uon
667 772 837 849 procedere,
859 778 892 831 ut
905 770 977 833 fides
998 772 1060 832 sine
1076 773 1210 846 operibus
1225 774 1302 846 eogi-

129 878 188 936 tari
214 881 348 952 nequeat,
375 875 504 949 quamvis
530 875 560 934 in
578 871 782 947 justificatione
810 892 899 949 opera
921 891 977 935 non
1000 875 1203 949 respiciantur,
1226 870 1303 935 alter

129 981 215 1042 fidem
230 981 332 1054 inqua
353 996 443 1055 opera
465 977 523 1038 sint
544 978 592 1036 vel
614 996 691 1053 quae
714 995 778 1038 eum
801 978 938 1054 operibus
959 997 1018 1038 non
1039 977 1132 1054 possit
1153 994 1210 1037 non
1234 996 1302 1037 eon-

125 1083 221 1160 jungi‚
237 1085 271 1142 ut
284 1081 357 1143 fides
379 1081 442 1143 sine
463 1081 600 1157 operibus
623 1081 746 1157 cogitari
768 1081 883 1156 quidem
906 1086 936 1142 ot
958 1081 1100 1158 appellari
1119 1081 1225 1158 possit,
1249 1081 1302 1142 sed

130 1191 245 1250 mortua
261 1185 298 1246 sit
313 1190 343 1246 ot
357 1183 450 1246 σῶσαι
463 1188 599 1258 nequeat.
624 1184 722 1244 Etiam
735 1186 847 1244 Jaoobo
867 1183 939 1244 fidei·
950 1185 1098 1245 notionem
1111 1184 1302 1261 principalem

130 1309 205 1366 esse,
222 1290 318 1349 elucet
333 1307 370 1349 ex
395 1291 421 1366 l,
446 1289 479 1360 63
503 1289 531 1364 2,
557 1288 575 1346 5
591 1289 628 1348 al.
667 1288 757 1348 'Adde
772 1288 852 1363 quod
869 1289 895 1366 1,
915 1287 963 1350 17.
983 1289 1021 1347 18
1037 1307 1095 1348 non
1110 1289 1203 1348 solum
1218 1307 1302 1348 omne

130 1393 239 1453 donum
253 1391 361 1452 bonum
372 1410 391 1450 a
402 1392 466 1451 Deo
479 1390 543 1451 dari
554 1390 672 1469 dieitur,
686 1390 739 1451 sed
759 1391 847 1451 etiam
865 1409 959 1452 nouus
971 1391 1197 1468 ,christianornm
1209 1396 1302 1452 status

129 1493 350 1571 regeneratione
372 1493 467 1554 iactus
489 1511 554 1554 esse
577 1493 752 1554 describitur
778 1495 867 1555 verbo
893 1494 1025 1554 veritatis
1041 1495 1154 1573 audito,
1180 1501 1209 1556 et
1224 1496 1303 1570 quod

131 1618 159 1656 v.
185 1600 231 1657 12.
258 1597 335 1658 idem
357 1598 438 1657 Deus
460 1596 566 1656 dicitur
592 1596 758 1673 promisisse
785 1602 814 1658 et
842 1599 963 1658 daturus
992 1617 1056 1659 esse
1082 1593 1134 1660 τὸν
1156 1596 1301 1681 στέφανον

132 1703 187 1784 τῆς
208 1701 299 1782 ζωῆςτ
329 1700 453 1776 gratiam
482 1699 539 1760 Dei
568 1701 660 1760 solam
689 1718 748 1784 non
775 1701 892 1776 ignorat
917 1702 1056 1762 Jacobus.
1101 1701 1215 1762 Statum
1236 1719 1302 1778 pec·
1353 1781 1355 1787 Α

131 1808 261 1864 catorum
290 1803 359 1863 dicit
385 1801 484 1886 φιλίαν
510 1803 562 1864 τοῦ
583 1796 697 1884 κόσμου
720 1809 749 1864 ot
766 1795 888 1886 ‘iqbporr
910 1805 962 1866 coir
982 1803 1057 1868 2οοῦ
1078 1805 1108 1883 4,
1131 1805 1171 1882 4.,
1195 1809 1303 1883 statum

132 1909 239 1968 bonum
260 1907 303 1968 ita
329 1907 470 1968 delineat:
503 1908 567 1968 Deo
589 1901 774 1990 ὑποταγῆναι
795 1909 824 1986 4,
849 1907 867 1967 7
891 1912 920 1968 et
941 1907 1166 1990 euastaansat
1185 1901 1303 1970 ἐνώπιον

132 2008 243 2094 κυρίου,
267 2011 351 2070 utin
376 2012 471 2070 Deum
497 2010 660 2071 referantur
681 2011 777 2071 omnia
798 2027 887 2087 opera
908 2012 998 2089 bona,
1023 2011 1060 2070 cf.
1086 2013 1115 2088 4,
1147 2009 1204 2087 15,
1228 2009 1303 2069 sicut

131 2135 150 2176 a
182 2115 276 2175 Paulo
309 2112 346 2174 ci.
380 2132 449 2190 pag.
473 2114 514 2172 40
529 2133 553 2174 s.
607 2115 711 2189 Neque
734 2131 824 2190 opera
845 2113 918 2191 legis
940 2114 1070 2191 postulat
1091 2112 1233 2190 Jacobus,
1249 2112 1302 2173 sed

129 2237 223 2295 opera
243 2216 320 2294 fidei,
337 2236 373 2277 ox
395 2217 532 2279 libertate
555 2217 630 2278 enim
653 2234 688 2278 ea
716 2217 855 2294 progredi
887 2219 951 2278 vult
975 2219 1001 2294 1,
1026 2217 1065 2276 25
1095 2217 1301 2291 atquo'legom

128 2320 290 2382 Mosaioam
305 2319 407 2381 eodem
428 2319 489 2382 iere
511 2321 597 2380 modo
620 2338 677 2395 quo
692 2322 802 2382 Paulus
824 2320 854 2380 in
868 2320 974 2381 amoris
989 2319 1156 2380 mandatnm
1171 2318 1302 2379 dissolvit

130 2428 160 2504 2,
177 2426 301 2502 8-12,
316 2424 489 2500 singulaque
510 2429 669 2501 praecepta
691 2443 749 2485 non
772 2443 808 2484 ex
830 2425 895 2500 lego
917 2423 1061 2501 Mosaios,
1085 2423 1137 2484 sed
1168 2441 1205 2482 ox
1235 2439 1301 2484 oon-

128 2527 253 2594 scicntia
273 2527 401 2588 fidelium
424 2527 540 2588 evolvit.

216 2631 328 2704 Quodsi
349 2649 397 2692 ros
418 2630 460 2691 ita
482 2649 513 2691 se
535 2631 637 2709 habet,
653 2631 783 2692 Jacobus
803 2630 926 2691 eandem
941 2630 1057 2691 videtur
1070 2629 1141 2690 fidei
1154 2629 1302 2692 notionem

132 2754 151 2794 a
172 2735 295 2797 Domino
317 2734 482 2813 accepisse,
506 2735 558 2796 sed
580 2753 639 2796 non
662 2735 763 2795 eodem
786 2735 870 2794 modo
892 2734 922 2794 in
944 2733 1070 2794 animum
1092 2733 1238 2810 recepisse
1254 2735 1301 2794 vel

132 2838 227 2900 verbis
256 2837 443 2916 expressisse.
488 2839 582 2898 Paulo
611 2856 643 2897 se
673 2855 731 2896 non
764 2838 885 2914 opponit
898 2833 933 2920 ¹),
957 2836 1010 2898 sod
1032 2837 1154 2897 fortasse
1176 2837 1301 2896 Paulum

130 2961 188 3005 uon
208 2944 296 3018 plane
317 2941 470 3020 intellexit,
494 2941 564 3016 quia
582 2940 657 3001 alius
670 2940 775 3000 Jacobi
790 2940 906 3000 videtur
928 2940 1017 3001 inisse
1040 2940 1142 3001 modus
1157 2939 1301 3001 sentiendi

130 3051 160 3108 ot
182 3046 296 3106 dicendi
316 3050 345 3106 et
359 3045 480 3123 agendi,
497 3044 554 3104 alio
578 3044 605 3103 ei
620 3044 690 3104 dato
713 3044 897 3105 charismate.
942 3044 1094 3104 Hominem
1105 3043 1267 3120 practioum
1281 3042 1302 3103 ii

128 3149 178 3228 qui
209 3137 409 3209 nunc‘vivunt
440 3166 505 3208 eum
533 3147 762 3225 appellavissent
793 3146 818 3208 si
840 3153 901 3208 tum
923 3147 1059 3226 fuissent,
1084 3148 1208 3208 Paulum
1230 3165 1300 3208 vero

127 3251 332 3330 theoretioum,
367 3251 611 3329 philosophicum,
645 3251 876 3326 systematicum;
912 3251 961 3311 hic
986 3252 1016 3310 in
1053 3250 1215 3311 scribendis
1243 3250 1302 3310 illis

129 3354 260 3434 epistolis
290 3359 424 3416 versatur
445 3355 475 3414 in
494 3354 600 3415 finibus
615 3354 787 3439 theoreticis,
797 3355 990 3433 potissimum,
1014 3372 1119 3416 eurans
1149 3374 1185 3416 ne
1212 3373 1302 3431 opera

128 3459 203 3536 legis
232 3474 296 3519 oum
326 3458 395 3519 fidei
424 3460 488 3518 sola
518 3462 547 3518 et
577 3477 648 3519 vera
677 3440 805 3519 actione
823 3460 870 3518 vel
899 3458 1002 3534 potius
1027 3476 1091 3517 oum
1121 3458 1177 3518 Dei
1205 3457 1301 3534 gratia

123 3561 305 3642 justificante
333 3561 586 3634 commisceantur3
614 3561 665 3622 ille
690 3561 821 3622 homines
849 3561 950 3622 fideles
979 3561 1128 3639 admonet,
1155 3581 1193 3622 ne
1214 3561 1301 3621 fidem

128 3665 217 3726 totius
239 3664 363 3726 hominis
385 3664 529 3726 actionem
552 3665 688 3742 operibus
704 3664 826 3741 singulis
847 3664 1029 3742 probandam
1050 3682 1112 3726 osse
1127 3664 1300 3725 obliviscan-

129 3773 183 3846 tur,
208 3767 286 3844 quod
308 3786 344 3828 ne
365 3767 416 3829 ille
438 3768 553 3843 quidem
575 3768 677 3829 voluit.
722 3769 819 3828 Voces
840 3767 916 3828 inter
938 3787 970 3830 se
992 3766 1167 3846 discrepant,
1189 3769 1300 3828 Jacobo

129 3872 341 3947 quodammodo
362 3872 480 3932 incaute
501 3873 550 3932 vol
573 3872 659 3932 otiam
681 3874 757 3932 male
779 3873 918 3947 loquente
941 3873 968 3950 2,
996 3873 1043 3931 14.
1068 3873 1118 3931 22.
1143 3872 1196 3943 24;
1225 3870 1253 3931 in
1270 3890 1301 3931 re

127 3974 280 4036 unanimes
294 3975 423 4054 fuorunt,
454 3976 558 4053 quodsi
579 3976 689 4036 Paulus
713 3975 864 4053 epistolam
886 3973 1003 4053 legerit,
1026 3993 1084 4035 non
1108 3975 1209 4035 dubito
1231 3975 1301 4051 quin

128 4077 253 4140 senserit
287 4079 463 4157 dixeritque:
503 4074 622 4166 ἑκάστῳ
652 4073 691 4154 ὥς
720 4073 734 4143 ὁ
765 4073 840 4154 bobr
869 4076 999 4164 ἐμέρισεν
1030 4075 1136 4161 μέτρου
1173 4074 1302 4154 πίστεως

129 4184 212 4244 Rom.
239 4185 286 4262 12,
310 4186 339 4244 3.

217 4319 240 4387 ¹)
258 4319 316 4388 Quo
343 4326 462 4390 tempore
489 4319 602 4390 epistola
627 4317 723 4374 Jacobi
749 4319 903 4390 conscripta
920 4321 955 4375 sit
974 4318 1019 4388 (ci.
1037 4317 1255 4385 Buce-Maaqora,
1274 4336 1299 4384 p.

130 4403 232 4484 sidia),
249 4422 310 4462 mea
328 4407 380 4463 hoc
397 4406 456 4464 looo
475 4423 529 4462 non
546 4405 638 4484 rqurt.

616 4512 818 4522 *a—
