3160 4990
741 391 954 451 ,52-

263 558 386 619 diximus
405 561 538 633 opposita
558 563 635 631 sunt,
656 557 707 616 sed
722 576 757 616 ex
772 559 841 630 illis,
858 575 930 632 quoe
951 576 1016 632 pag.
1032 560 1079 620 ll.
1109 557 1143 616 de
1171 559 1265 618 ethica
1281 559 1438 617 christiana

263 662 459 736 exposuimus,
483 663 553 719 satis
576 662 697 734 intelligi
718 666 846 735 possunt.
880 663 924 720 Ex
946 662 1009 720 loco
1028 663 1074 734 13,
1100 664 1138 720 10
1154 661 1190 724 cf.
1207 681 1230 724 v.
1248 664 1275 720 8.
1299 661 1440 732 videmus,

262 766 382 824 Paulum
405 766 624 838 existimavisse,
646 765 789 837 objectum
810 768 839 823 et
853 762 920 822 fidei
932 769 961 822 et
975 765 1199 837 praedicationis
1216 781 1284 823 suae
1299 781 1362 822 esse
1379 758 1441 836 τὰς

264 861 349 941 ὁδοὺς
370 863 469 949 κυρίου
495 861 553 941 τὰς
579 862 714 942 εύὶιείας,
747 869 897 926 veritatem
926 867 1051 939 scilieet,
1082 874 1167 943 atque
1199 868 1349 926 veritatem
1380 884 1443 924 non

263 971 424 1030 naturalem
457 972 517 1030 sive
547 970 711 1046 humanam,
745 970 797 1028 sed
829 970 953 1028 divinam
986 971 1038 1043 13,
1072 970 1203 1028 16-41
1238 970 1274 1031 of.
1305 970 1355 1028 46.
1386 970 1441 1028 47.

262 1074 383 1134 ludaeis
405 1075 454 1148 qni
478 1080 561 1133 erant
582 1069 754 1132 Antiochiae
781 1075 809 1130 in
836 1074 907 1131 urbe
930 1073 1055 1132 Pisidica
1081 1073 1227 1146 apostolus
1248 1071 1442 1146 praedicavit,

154 1190 158 1198 ’
263 1193 375 1235 omnem
406 1176 556 1234 historiam
577 1176 753 1234 ludaeorum
775 1176 964 1234 revocandam
995 1192 1057 1234 esse
1091 1176 1129 1234 ad
1158 1176 1258 1234 Jesum
1287 1180 1444 1250 mortuum,

263 1280 351 1337 immo
373 1280 482 1353 vivum,
504 1295 557 1351 per
580 1295 664 1352 quem
687 1280 816 1336 remissio
838 1283 1024 1353 peccatorum
1045 1281 1193 1338 nuntietur
1215 1296 1240 1338 v.
1265 1280 1306 1337 38
1329 1284 1358 1337 et
1379 1280 1446 1336 vita

266 1387 386 1441 aeterna
413 1400 438 1443 v.
466 1381 516 1440 46.
565 1381 734 1440 Praedicari
767 1397 836 1441 vero
865 1375 917 1442 τὸν
945 1377 1031 1463 λύγον
1056 1383 1112 1462 τῆς
1138 1378 1287 1464 σωτηρίας
1315 1376 1444 1462 ταύτης,

263 1486 358 1559 primo
378 1484 497 1543 Judaeis
517 1503 543 1544 v.
566 1485 632 1557 26„
658 1484 762 1542 deinde
789 1484 941 1557 gentilibus
969 1503 993 1542 v.
1015 1485 1055 1544 46
1080 1502 1115 1543 ex
1134 1485 1189 1543 Dei
1215 1486 1322 1558 gratia3
1342 1501 1445 1558 qnam-

263 1603 347 1661 quam
371 1587 445 1646 eninr
468 1586 637 1645 vocabulum
659 1581 782 1667 χάριτος
803 1604 860 1671 non
882 1587 1036 1647 adhibetur
1059 1589 1213 1660 (invenitor
1236 1594 1332 1646 autem
1350 1589 1398 1660 14,
1423 1589 1443 1646 3

263 1689 299 1752 cf.
323 1691 370 1764 15,
396 1687 463 1769 11),
490 1695 587 1748 tamen
614 1706 661 1748 res
685 1689 858 1749 describitur
879 1708 904 1750 v.
929 1692 984 1753 39:
1008 1688 1039 1752 ἐν
1061 1685 1156 1775 τούτῳ
1178 1691 1239 1763 πᾶς
1262 1683 1276 1752 ὁ
1297 1684 1445 1751 πιστεύων

264 1793 438 1856 δικαιοῦται.
482 1791 687 1874 Δικαιωὲιῆναι
713 1794 824 1852 scilieet
851 1793 965 1852 additur
991 1794 1134 1852 hominem
1166 1787 1226 1855 ἀπὸ
1255 1787 1374 1854 πάντων
1404 1793 1443 1850 ab

264 1898 394 1956 omuibus
416 1913 489 1970 quae
508 1897 638 1968 justitiae
654 1896 809 1956 obstabant
822 1899 948 1970 peccatis
964 1895 1011 1972 (of.
1023 1914 1086 1970 pag.
1101 1898 1140 1954 29
1152 1895 1210 1973 ss),
1235 1897 1310 1970 quod
1325 1897 1443 1970 quidem

264 1999 328 2058 fieri
342 2016 398 2064 non
413 2001 540 2073 potuerit
555 2000 617 2072 lege
628 1999 757 2057 Mosaios
772 2000 817 2057 vel
829 2000 907 2058 intra
917 2000 1054 2058 terminos
1065 1999 1138 2072 legis
1153 1999 1301 2058 Mosaioae
1314 1997 1361 2072 (of.
1373 2016 1442 2072 pag.

243 2101 245 2108 ⁴
265 2105 303 2162 21
321 2104 367 2177 s),
388 2101 438 2160 sed
455 2101 507 2160 fiat
521 2103 550 2159 in
566 2101 693 2174 Christo,
711 2101 762 2160 sub
778 2102 945 2170 condicione
961 2100 1043 2160 fidei:
1058 2101 1119 2174 πᾶς
1134 2095 1149 2163 ὁ
1165 2096 1309 2163 πιστεύων
1324 2101 1443 2162 δικαού-

266 2224 325 2267 ται.
370 2205 456 2264 Fides
484 2205 637 2278 opponitur
664 2204 734 2277 legis
762 2204 910 2277 operibns3
939 2210 1035 2263 tamen
1062 2205 1120 2264 tale
1149 2206 1256 2278 aliquid
1279 2211 1336 2278 est,
1365 2205 1441 2278 quod

266 2313 356 2382 agant
381 2308 523 2381 hominen,
553 2308 632 2366 velut
654 2308 837 2369 econtrario
860 2308 962 2366 ludaei
992 2310 1041 2383 qui
1067 2307 1153 2366 fidem
1180 2309 1325 2382 denegant
1351 2325 1376 2365 v.
1401 2309 1442 2365 46

265 2414 400 2472 dicuntur
431 2403 626 2482 ἀπωῖῖεῖςῗςαι
655 2403 708 2470 τὸν
737 2404 823 2490 λύγον
852 2407 905 2470 τού
932 2408 1014 2472 bech.
1071 2410 1152 2483 Quod
1188 2413 1212 2468 si
1243 2405 1367 2472 ἀπιστία
1397 2417 1446 2470 est

267 2515 446 2591 reprobatio,
478 2513 550 2572 fides
582 2519 626 2571 est
654 2514 730 2572 actio
762 2513 925 2586 accipiendi
955 2513 1036 2573 verbi
1067 2514 1155 2573 divini
1182 2519 1211 2572 et
1239 2507 1385 2573 voluntate
1414 2519 1448 2572 et

267 2619 431 2696 cognitione
453 2635 479 2677 ν.
503 2618 561 2689 27,
585 2616 620 2674 cf.
643 2632 709 2690 pag.
734 2615 752 2674 5
776 2633 797 2674 s.

352 2724 385 2782 ln
415 2720 540 2782 secunda
573 2721 701 2779 oratione
736 2720 806 2793 (14,
843 2718 989 2796 15-17)
1024 2719 1100 2793 apud
1132 2721 1254 2794 gentiles
1284 2720 1445 2793 Lystranos

266 2827 366 2888 habita
387 2826 454 2885 fidei
484 2825 590 2882 mentio
612 2839 670 2880 non
692 2822 737 2895 fit,
761 2822 810 2881 sed
834 2823 901 2896 qnia
923 2823 959 2881 ab
981 2825 1016 2881 iis
1036 2824 1109 2880 sicut
1126 2824 1162 2881 ab
1178 2823 1307 2883 omnibns
1322 2823 1445 2882 homini-

266 2932 319 2991 bus
349 2929 435 2988 fidem
456 2927 613 3003 postulavit
635 2925 754 2998 Paulus,
783 2925 1000 2984 describitur
1030 2925 1116 2997 fides,
1147 2944 1208 2986 esse
1238 2928 1347 2985 scilicet
1377 2943 1445 2985 eam

267 3035 403 3096 docemur
425 3033 569 3092 actionem
591 3028 734 3104 quandam
757 3029 917 3103 accipiendi
939 3030 996 3088 Dei
1018 3031 1108 3104 ipsius
1130 3031 1199 3106 vivi,
1222 3031 1361 3089 creatoris
1381 3046 1444 3088 om·

267 3140 345 3197 nium
375 3153 483 3208 rorum,
515 3150 587 3208 quae
617 3133 681 3191 fieri
710 3148 767 3190 non
798 3133 889 3205 possit
916 3133 973 3191 alio
994 3133 1091 3206 modo,
1125 3149 1209 3207 qnam
1238 3139 1270 3191 ut
1303 3137 1447 3191 conentur

268 3238 453 3323 ἐπιστρέφειν
475 3237 562 3296 adiis
580 3236 659 3294 vanis
675 3236 712 3295 ad
726 3234 890 3308 veritatem,
915 3234 949 3293 cf.
970 3252 1034 3310 pag.
1052 3238 1070 3293 6
1087 3253 1108 3294 s.
1125 3236 1203 3307 Quae
1226 3234 1340 3309 quidem
1362 3239 1443 3294 actio

268 3346 409 3417 originem
424 3341 513 3401 habet
526 3343 555 3399 in
570 3357 620 3414 eo,
641 3339 717 3413 quod
730 3340 809 3398 Deus
832 3356 890 3398 non
906 3334 1075 3422 ἀμάρτυρον
1099 3332 1205 3400 ἑαυτὸν
1227 3332 1344 3421 ἀφῆκεν
1370 3333 1448 3420 ἀγα·

268 3447 402 3528 ᾖονργῶν
421 3452 451 3505 et
472 3445 547 3519 quod
567 3460 642 3503 nunc
658 3437 909 3524 εὐαγγελιζόμενοι
932 3449 999 3502 snnt
1022 3444 1082 3514 ejus
1109 3443 1247 3517 apostoli,
1270 3441 1307 3504 cl.
1333 3459 1400 3516 pag.
1417 3443 1448 3501 7.

311 3591 314 3596 -
357 3551 402 3608 De
434 3549 554 3608 concilio
579 3543 782 3628 {apostolorum
794 3543 819 3620 1)
850 3562 906 3603 non
937 3562 1009 3619 opus
1040 3552 1084 3604 est
1114 3545 1224 3616 dicere3
1255 3546 1449 3618 nequeenim

270 3654 306 3713 de
330 3653 419 3713 Paulo
441 3653 504 3726 ipso
526 3652 621 3724 capite
646 3651 694 3711 15.
722 3652 823 3722 aperte
850 3654 995 3725 narratur,
1025 3655 1055 3707 et
1081 3650 1141 3722 ejus
1169 3648 1204 3707 de
1231 3649 1295 3722 lege
1322 3648 1360 3724 (v.
1385 3649 1451 3723 10),

270 3757 367 3830 gratia
389 3755 427 3832 (ν.
451 3754 512 3832 11),
534 3754 590 3813 fide
614 3749 653 3836 (v.
674 3755 704 3828 9)
727 3753 869 3812 sententia
890 3751 975 3810 facile
997 3752 1218 3824 recognoscitur.
1261 3751 1355 3810 Mirm
1376 3751 1451 3810 mihi

270 3860 385 3920 videtur
407 3857 626 3931 negligendum,
649 3857 724 3930 quod
747 3856 853 3914 Paulus
869 3855 1008 3929 Philippis
1031 3855 1140 3913 custodi
1163 3873 1197 3913 ex
1220 3871 1254 3913 eo
1277 3855 1449 3927 quaerenti:

269 3958 301 4025 τί
328 3982 366 4043 με
394 3960 438 4022 δεῖ
465 3964 583 4023 ποιεῖν
609 3956 659 4021 ἵνα
681 3951 783 4029 colem
815 3957 978 4032 respondit:
1009 3954 1164 4018 πίστευσον
1195 3951 1243 4018 ἐπὶ
1270 3951 1322 4018 τὸν
1347 3951 1450 4038 κύριον

360 4129 381 4198 ¹)
399 4130 438 4184 Of.
452 4131 560 4194 Leohler,
573 4129 629 4178 Dos
640 4126 795 4193 apostolisrhe
808 4127 857 4175 aad
868 4126 1084 4191 nachcpostolisclse
1095 4125 1217 4177 Zeitaltar.
1248 4123 1321 4177 1851.
1344 4143 1371 4190 p.
1383 4123 1449 4177 255.

271 4218 428 4285 Hilgenfeld,
448 4218 540 4267 Paulos
551 4217 600 4266 aad
611 4216 649 4264 die
666 4213 794 4278 Urapoetel
807 4211 957 4278 (Zeitsclarist
969 4215 1018 4278 siir
1030 4213 1092 4262 wass.
1119 4210 1199 4263 Theol.
1214 4210 1290 4264 1862.
1318 4230 1343 4276 p.
1355 4211 1403 4260 Ιίίί
1412 4230 1449 4265 aa.

273 4304 393 4368 20531).
412 4303 513 4368 Ειοαίᾰ,
535 4301 669 4352 Gesclu'chte
681 4299 783 4364 Israels,
802 4297 848 4366 VI,
868 4298 920 4349 469
931 4317 964 4354 ee.
983 4299 1122 4361 Haueratlr,
1136 4297 1241 4353 Neutest.
1254 4297 1449 4363 Zeitpacthtre,

274 4391 310 4446 ιι.
331 4388 408 4446 1872.
427 4389 529 4443 roscen.
548 4388 573 4440 e.
610 4387 761 4455 reuersae,
779 4386 820 4454 11,
840 4384 874 4436 ar
891 4403 923 4440 a.
