3160 4990
611 391 818 461 ...ιιι

127 576 161 631 ut
189 589 204 630 e
231 571 296 647 lege
318 576 455 645 tanquam
479 589 495 628 ι
517 570 596 629 ιιιιι
620 569 744 643 quodam
772 569 821 643 qui
842 569 879 629 sit
902 575 985 630 extra
1006 569 1100 629 Deum
1121 560 1237 646 justitia
1269 571 1299 629 ιι

129 676 190 734 vita
212 675 312 734 veniat
334 677 362 753 3,
387 677 441 748 22;
471 675 499 750 2,
526 675 578 745 16;
609 675 692 732 Rom.
717 675 745 750 3,
769 674 824 752 203
854 673 939 732 immo
961 675 1038 732 velle
1061 691 1139 752 enm,
1162 679 1298 750 utappa-

128 783 192 837 reat
221 779 301 854 lege,
326 779 435 837 nullum
464 776 609 836 hominem
632 775 786 850 quidquam
808 794 894 851 posse
917 778 964 835 vel
987 755 1203 837 valere'coram
1225 779 1298 855 Deo,

129 881 194 940 Gal.
219 883 247 958 3,
272 883 325 953 223
355 883 437 941 Rom.
469 882 497 957 3,
529 881 566 938 19
595 878 631 939 cf.
659 881 692 951 4;
721 881 758 937 ΙΙ.
782 879 847 939 Cor.
871 882 899 958 3,
925 881 967 957 5.,
992 879 1066 939 sicut
1088 880 1175 940 etiam
1197 880 1300 941 foedus

128 985 200 1043 illud
224 981 404 1066 ἐπαγγελίας
426 1002 484 1042 uon
505 983 594 1042 ictum
616 982 654 1042 sit
681 1000 746 1041 eum
767 982 945 1062 hominibus,
969 983 1022 1043 sed
1044 984 1144 1043 datum
1165 984 1201 1043 iis
1223 983 1260 1044 ιιι
1282 1003 1301 1043 a

128 1090 192 1147 Deo
222 1089 286 1148 Gal.
310 1089 338 1163 3,
366 1087 403 1145 15
419 1105 457 1146 ιι.
509 1088 590 1145 Deus
623 1085 712 1160 igitur
745 1085 800 1145 sibi
833 1087 887 1146 soli
921 1104 1033 1146 omnem
1065 1088 1205 1148 honorem
1238 1089 1302 1148 vult

130 1191 268 1268 retinere,
300 1210 358 1250 non
381 1191 451 1249 dare
474 1188 545 1266 legi,
569 1207 628 1248 non
651 1187 828 1266 hominibus,
856 1183 937 1264 ὅπως
953 1186 996 1273 μὴ
1009 1187 1202 1274 καυχήοιιται
1216 1191 1302 1254 πᾶσα

128 1289 204 1376 σὰρξ
235 1288 354 1356 ἐνώπιον
383 1293 435 1354 τοῦ
464 1291 538 1355 beai
560 1294 583 1351 l.
607 1292 671 1351 Cor.
698 1293 724 1370 1,
748 1293 798 1351 29.
823 1295 873 1356 31.
897 1298 1008 1368 etseq.
1052 1294 1099 1353 Illi
1121 1313 1191 1354 vero
1214 1295 1244 1353 in
1266 1313 1302 1354 eo

129 1402 212 1457 erant
237 1402 270 1456 ut
291 1397 415 1456 relativo
438 1395 551 1454 cuidam
574 1397 651 1454 bono
672 1396 768 1454 locum
790 1396 893 1455 summi
914 1397 983 1456 boni
1006 1397 1118 1458 darent.
1132 1391 1158 1480 1)

213 1502 325 1560 Tamen
354 1517 412 1559 non
440 1504 529 1574 negat
551 1499 675 1576 Paulus,
708 1500 802 1574 legem
832 1500 938 1559 bonam
961 1519 1025 1560 esse
1048 1506 1136 1576 atque
1164 1501 1300 1581 divinam,

128 1607 211 1664 Rom.
236 1605 264 1664 7.
309 1605 361 1662 Est
384 1603 539 1662 discrimen
561 1602 680 1677 aliquod
695 1601 771 1662 inter
785 1603 909 1663 ludaeos
925 1608 954 1664 ιι
969 1609 1086 1680 gentes:
1117 1609 1220 1680 gentes
1235 1610 1303 1666 sunt

129 1703 303 1790 ἁμαρτωλοί
332 1707 396 1767 Gal.
425 1707 453 1784 2,
486 1706 534 1764 15.
561 1706 612 1783 17,
647 1706 763 1765 ludaeis
792 1706 882 1782 igitur
911 1706 1043 1768 meliores
1073 1707 1180 1768 dantur
1208 1726 1302 1769 mores

128 1815 248 1888 propter
276 1809 356 1870 illam
385 1811 489 1886 legem.
533 1810 609 1868 Nam
639 1803 673 1870 τὸ
706 1805 842 1893 περισσὸν
872 1812 924 1872 τοῦ
950 1805 1094 1872 Ἰουδαίου
1124 1805 1198 1874 πολὺ
1219 1808 1304 1876 κατὰ

129 1910 230 1977 πάντα
252 1908 370 1996 τρόπον,
394 1915 476 1974 Rom.
501 1914 529 1991 3,
557 1915 583 1971 1.
608 1915 639 1990 2,
664 1931 752 1988 quum
774 1918 894 1989 propter
915 1914 988 1974 alias
1020 1932 1068 1974 res
1100 1919 1161 1973 tum
1182 1920 1303 1991 propter

129 2015 310 2100 νομοῖιισιαν
337 2020 365 2095 9,
390 2018 418 2094 4,
449 2034 507 2092 qua
534 2035 565 2074 re
592 2015 646 2092 ipsi
675 2015 710 2074 de
738 2017 803 2092 lege
825 2017 1026 2093 gloriabantur
1040 2019 1077 2100 2,
1104 2019 1142 2077 17
1157 2036 1181 2078 ι.
1225 2019 1303 2079 Justi

130 2139 200 2182 vero
223 2122 328 2182 Judaei
356 2125 476 2197 propter
505 2121 600 2195 legem
629 2136 687 2178 non
717 2125 784 2180 sunt
812 2122 840 2198 3,
866 2123 924 2204 9ι.
978 2121 1046 2180 Non
1076 2125 1120 2181 est
1148 2121 1226 2200 fons,
1250 2122 1303 2182 sed

131 2224 335 2286 adminiculum
350 2223 549 2284 tantummodo
567 2222 712 2300 justitiae,
737 2223 846 2300 duplici
868 2224 953 2283 modo
973 2243 1036 2284 eam
1050 2243 1243 2302 praeparans3
1265 2226 1303 2285 ad

42 2335 47 2343 '
134 2328 308 2388 coercendas
320 2327 396 2387 eninr
410 2323 657 2403 transgressiones
673 2326 806 2402 apposite
822 2332 866 2387 est
881 2328 928 2388 lex
943 2328 1127 2404 promissioni
1139 2329 1203 2390 Gal.
1217 2331 1246 2407 3,
1262 2331 1300 2388 19

133 2432 168 2491 cf.
193 2433 220 2510 5,
245 2433 284 2493 23
319 2437 348 2491 ιι
374 2432 413 2491 ad
443 2430 579 2506 augenda
605 2425 842 2512 παραπτώματα
868 2429 1070 2514 παρεισῆιῒιεν
1097 2433 1179 2491 Rom.
1209 2433 1237 2511 5,
1261 2433 1302 2492 20

132 2535 167 2595 cf.
192 2537 221 2614 4,
248 2535 301 2607 15;
325 2536 353 2612 7,
378 2536 410 2606 73
438 2536 461 2593 1.
486 2535 550 2595 Cor.
577 2534 624 2613 15,
649 2534 705 2614 56,
735 2533 798 2593 sive
821 2534 858 2593 ob
887 2533 967 2593 illam
990 2551 1107 2595 oausam
1130 2535 1192 2595 sive
1215 2535 1303 2595 etiam

131 2640 168 2699 ob
184 2640 306 2698 alteram
321 2633 514 2719 παιδαγωγός
529 2637 624 2697 sactus
649 2641 693 2696 est
709 2630 723 2698 ὁ
741 2632 832 2717 νόμος
851 2637 880 2694 in
896 2636 1041 2697 Christum
1057 2638 1121 2697 Gal.
1139 2640 1166 2716 3,
1184 2639 1225 2698 24
1237 2657 1264 2716 s;
1276 2633 1303 2721 2)

130 2762 189 2802 non
205 2747 249 2802 est
264 2741 408 2802 contrarie
423 2741 558 2817 opposita
572 2741 620 2800 lex
634 2738 874 2815 promissionibus
897 2739 1017 2819 divinis,
1040 2740 1080 2800 ib.
1107 2743 1156 2820 21,
1184 2741 1237 2801 scd
1261 2740 1303 2799 in·

132 2846 242 2906 directe
256 2846 292 2906 iis
311 2844 464 2922 implendis
480 2844 555 2903 viam
572 2861 753 2919 praeparans
770 2861 798 2901 V.
819 2844 858 2902 22
877 2862 915 2904 ιι.
956 2840 1069 2926 Νήπιοι
1085 2849 1171 2909 erant
1186 2843 1302 2922 iudaei,

132 2968 221 3026 quum
247 2949 389 3025 sublege
413 2951 510 3008 essent
537 2950 566 3006 et
591 2951 732 3020 tanquam
759 2945 855 3008 δοῦλοι
878 2946 941 3006 Gal.
965 2949 999 3022 43
1030 2948 1128 3023 itaque
1151 2967 1210 3007 non
1239 2966 1303 3026 per-

124 3055 208 3115 .fecto
242 3053 357 3129 quidem
394 3051 541 3111 hominum
574 3049 675 3127 statui,
717 3049 768 3108 sed
801 3048 1034 3125 praeparationis
1068 3051 1191 3128 tempori
1224 3057 1303 3112 certe

130 3157 336 3234 respondebat.
381 3155 496 3214 Deinde
518 3170 588 3212 vero
611 3171 684 3228 opus
706 3151 760 3211 fuit
783 3170 833 3212 eos
856 3153 905 3228 qui
927 3155 981 3214 sub
1004 3156 1069 3229 lege
1092 3159 1176 3214 erant
1199 3155 1303 3229 alege

131 3260 247 3337 redimi,
272 3260 336 3321 Gal.
360 3261 389 3337 4,
415 3259 459 3337 5.,
491 3256 569 3332 quod
600 3255 662 3315 fieri
691 3274 750 3314 non
779 3256 874 3331 potuit
906 3257 962 3316 nisi
991 3256 1054 3332 ipso
1077 3257 1133 3316 Dei
1162 3257 1222 3316 filio
1245 3257 1304 3333 legi

132 3364 284 3438 suanncto
306 3363 347 3423 ib.
371 3383 399 3422 v.
422 3365 452 3427 4.
497 3359 596 3420 Facile
610 3358 797 3437 intelligitur,
814 3359 993 3420 redemtione
1008 3376 1080 3435 opus
1096 3359 1185 3420 fnisse
1202 3360 1303 3419 eodem

133 3465 231 3542 modo,
262 3484 319 3540 quo
349 3467 442 3526 virum
474 3481 546 3540 opus
569 3468 613 3523 est
636 3482 654 3522 a
676 3463 849 3539 paedagogo
880 3463 966 3534 solvi;
996 3463 1020 3522 si
1053 3463 1128 3522 enim
1157 3464 1303 3539 paedago-

132 3584 187 3643 gus
218 3567 322 3642 aliquis
352 3570 496 3630 hominem
529 3568 660 3628 adultum
689 3566 719 3625 in
742 3565 927 3625 oboedientia
954 3571 1075 3626 externa
1097 3568 1187 3626 vellet
1214 3567 1303 3626 conti-

116 3671 216 3748 nere,
248 3670 435 3747 paedagogus
473 3672 535 3748 ipse
573 3670 724 3732 obstaculo
761 3669 890 3745 perfecto
921 3669 1010 3728 statui
1047 3670 1181 3747 discipuli
1218 3674 1303 3744 esset,

133 3791 191 3850 qua
212 3793 243 3832 re
260 3772 365 3832 dicitur
380 3775 442 3834 Gal.
459 3776 487 3854 4,
506 3776 547 3853 5.,
565 3773 701 3835 debuisse
716 3772 844 3832 Judaeos
859 3771 990 3850 liberari,
1010 3769 1069 3834 icor
1083 3768 1137 3854 rip
1152 3767 1304 3836 υἱοὶιισιαι

133 3871 333 3958 ἀπολάβωμεν
356 3895 463 3938 omnes.
508 3879 548 3938 Ut
569 3878 774 3953 paedagogum
798 3880 894 3934 autem
916 3877 1026 3935 Paulus
1052 3876 1114 3952 ipse
1138 3871 1189 3938 τὸν
1215 3871 1304 3958 νόμον

132 3981 230 4058 magui
259 3980 436 4052 aestimavit3
466 3982 560 4057 legem
590 3980 740 4057 scriptam,
772 3977 900 4054 quinque
934 3978 1046 4038 scilicet
1079 3977 1168 4038 Musis
1202 3979 1301 4057 libros,

131 4102 341 4163 saepenumero
363 4088 454 4144 testes
476 4083 545 4142 fecit
567 4102 665 4143 corum
688 4099 761 4157 quae
777 4080 933 4140 lectoribus
953 4081 1118 4142 christianis
1134 4081 1301 4159 explicavit,

133 4189 213 4249 velut
228 4190 251 4248 l.
269 4188 333 4248 Cor.
350 4191 378 4268 9,
397 4190 425 4247 9.
445 4185 496 4258 13;
521 4188 569 4264 10,
593 4187 692 4250 1-11
719 4181 833 4268 (caira
855 4180 888 4246 δὲ
902 4181 989 4246 τύποι
1009 4178 1092 4266 ἡμῶν
1114 4180 1303 4267 spesspes

135 4285 338 4303 l——u——n-

223 4324 239 4392 ¹)
259 4324 299 4380 ef.
320 4323 414 4388 ι’ναιιι,
432 4323 449 4376 ι,
469 4337 490 4374 c.
509 4319 524 4389 ξ
543 4320 583 4374 21.
603 4319 644 4374 28,
663 4349 695 4358 -
714 4315 734 4386 9ι
754 4317 797 4371 Ad
809 4321 857 4372 τῶν
869 4315 1038 4389 παραβάσεων
1051 4315 1122 4388 χάριν
1135 4324 1162 4373 ιι
1174 4322 1303 4388 παιδαγω·

132 4406 176 4478 γός
193 4409 225 4462 cf.
249 4409 337 4476 Ueteri,
357 4411 373 4464 l.
393 4427 414 4464 c.
433 4427 458 4477 p.
478 4407 580 4461 66-69
599 4417 626 4461 et
647 4407 735 4458 Friclce
753 4405 770 4457 l.
790 4422 812 4459 c.
830 4422 856 4474 p.
875 4405 984 4459 31-39.
1115 4396 1118 4403 ¹

185 4504 210 4548 G.
226 4505 457 4556 Scbnodcrruenn,
468 4505 500 4544 De
514 4504 563 4544 lldel
577 4505 663 4543 notione
673 4501 770 4542 Paullus.
1085 4493 1100 4546 2
