3160 4990
609 357 820 418 ..25-

128 525 237 586 factum
258 529 315 601 est,
338 531 370 585 ut
391 527 515 599 injusti
537 521 609 586 facti
632 525 688 585 sint
709 526 772 601 ipso
787 522 846 586 Dei
864 525 974 599 jndicio
995 519 1084 608 ὀργῆς
1098 526 1180 587 Rom.
1198 528 1225 600 l,
1250 526 1306 600 18,

129 631 287 690 normalem
315 630 431 703 quidem
458 634 562 690 statum
588 630 744 703 juridicum
772 633 893 704 propter
914 634 1035 704 peccata
1057 646 1109 689 sua
1130 631 1305 692 amittentes.

128 733 244 793 Malitia
264 733 563 808 praeceditjndicium
579 734 647 805 Dei;
666 733 805 807 judicium
826 733 977 807 praecedit
998 733 1179 808 injustitiam,
1201 735 1305 809 quippe

132 853 207 911 qnae
229 838 381 912 proveniat
404 854 440 897 ex
459 837 568 909 judicio
591 837 654 898 Dei.

215 940 321 1014 Agitur
351 940 427 1015 apud
454 940 574 999 Paulum
604 955 717 1014 semper
748 938 784 998 de
816 955 851 998 ea
881 955 955 1013 quae
985 956 1055 999 vera
1077 945 1107 1000 et
1128 957 1240 1001 summa
1261 945 1307 1000 eat

125 1043 253 1117 justitia,
285 1042 383 1102 divina
414 1043 524 1102 scilicet
552 1044 597 1102 vel
627 1043 681 1102 Dei
711 1042 771 1102 sive
803 1057 899 1102 eoram
928 1044 1005 1119 Dec,
1037 1042 1073 1104 cf.
1103 1044 1185 1104 Rom.
1213 1044 1246 1116 4,
1276 1046 1305 1104 2.

128 1147 207 1207 Inest
237 1145 325 1220 igitur
355 1145 465 1206 notioni
493 1145 620 1218 justitiae
655 1162 754 1206 sensus
792 1147 958 1206 relationis:
993 1148 1088 1220 justus
1129 1151 1173 1207 est
1208 1162 1306 1206 coram

128 1249 191 1311 Deo
224 1251 260 1324 is,
300 1249 348 1325 qui
384 1264 447 1309 eam
475 1249 587 1310 obtinet
616 1265 686 1323 erga
711 1249 806 1308 Deum
837 1249 1032 1310 condicionem
1067 1266 1152 1324 quam
1183 1252 1306 1324 oportet.

132 1351 225 1412 Adest
254 1369 369 1412 norma:
396 1353 528 1412 voluntas
554 1353 623 1427 Dei,
655 1357 689 1410 ut
719 1351 747 1412 ei
777 1353 831 1412 soli
862 1368 1001 1411 summum
1028 1352 1167 1413 honorem
1193 1353 1307 1426 demus3

131 1472 215 1531 qaam
237 1457 285 1530 qui
306 1473 364 1515 non
385 1457 498 1532 implet,
524 1461 628 1531 peccet
650 1450 788 1535 ἀσέβειαν
808 1455 871 1516 Dec
893 1454 1074 1529 praeferens3
1102 1456 1169 1516 inde
1192 1455 1307 1516 demum

133 1559 179 1633 fit,
200 1564 232 1617 ut
246 1558 301 1619 Dei
313 1559 423 1632 jndicio
439 1560 635 1620 condicionem
656 1559 735 1619 illam
761 1559 918 1620 normalem
947 1559 1081 1618 amittens
1102 1560 1225 1633 injustus
1247 1559 1308 1636 fiat,

131 1663 245 1722 amittat
265 1665 388 1736 gratiam
412 1673 442 1723 et
463 1679 589 1724 amorem
604 1663 671 1724 Dei.
707 1663 834 1738 Injustus
856 1661 945 1736 igitur
966 1663 1060 1736 primo
1083 1662 1187 1738 estis,
1210 1680 1308 1738 quem

131 1764 210 1824 Deus
238 1782 274 1824 ex
300 1767 365 1840 lege
394 1783 447 1826 sua
474 1767 518 1827 vel
541 1768 607 1840 jure
633 1783 684 1826 suo
713 1766 893 1842 reprobavit:
924 1758 1066 1839 ὑπόδικος
1091 1767 1173 1827 Rom.
1201 1768 1234 1840 3,
1269 1767 1306 1824 19

130 1869 191 1927 eive
219 1863 322 1949 ἔνοχος
347 1870 370 1930 Ι.
394 1869 458 1929 Cor.
485 1871 536 1943 ll,
564 1869 604 1930 27
632 1870 692 1930 sive
719 1871 740 1928 ii
767 1870 815 1943 qui
842 1861 1031 1952 ὑστεροῦνται
1056 1868 1113 1950 τῆς
1139 1862 1230 1950 δόξης
1255 1868 1308 1932 τοῦ

129 1971 203 2035 &teci
225 1973 308 2032 Rom.
332 1974 360 2048 3,
384 1974 438 2050 233
465 1972 567 2033 deinde
590 1972 704 2032 demum
727 1965 831 2045 ἄδικος
856 1973 895 2045 is,
924 1971 983 2046 qui
1004 1971 1096 2031 Deum
1122 1972 1308 2047 reprobavit3

128 2076 246 2136 violatio
268 2075 339 2150 legis
361 2075 473 2136 divinae
496 2080 541 2134 est
562 2091 649 2135 causa
669 2076 838 2150 injustitiae,
865 2092 924 2134 non
951 2075 1092 2149 injnrtitia
1112 2075 1183 2149 ipsa
1227 2075 1309 2134 Haec

130 2179 244 2238 scilieet
266 2179 355 2238 vcrbu
376 2179 450 2238 siout
471 2180 500 2236 in
523 2179 620 2252 lingua
642 2179 770 2238 hebraee
792 2184 820 2238 et
844 2179 874 2238 in
896 2180 1029 2238 uniuerso
1049 2178 1166 2252 linguae
1182 2195 1308 2255 graecae

128 2299 182 2341 usu
213 2282 255 2339 ita
294 2283 381 2340 etiam
420 2280 496 2356 apud
529 2282 651 2342 Paulum
681 2283 826 2343 notionem
855 2283 964 2355 justum
995 2280 1169 2342 reddendi
1187 2277 1213 2365 1)
1247 2284 1308 2344 sinc

131 2385 218 2445 dubio
240 2385 363 2458 habent;
386 2386 410 2445 is
434 2386 523 2460 enim,
547 2386 595 2460 qui
617 2384 727 2448 δικαιοῖ
749 2386 886 2460 aliquem,
909 2386 940 2444 in
962 2389 1068 2444 statum
1090 2385 1218 2459 justitiae
1240 2404 1307 2446 vere

131 2506 196 2548 eum
227 2492 399 2565 transponit.
443 2490 550 2549 Tamen
576 2491 606 2548 in
641 2490 706 2564 ipsa
727 2489 844 2548 notione
871 2489 943 2561 justi
972 2493 1002 2548 et
1029 2487 1159 2562 iustitiae
1191 2507 1306 2550 sensum

129 2591 285 2665 juridicum
316 2599 346 2653 et
376 2593 599 2653 declaratorium
629 2593 724 2652 inesse
754 2593 814 2665 jam
848 2592 1026 2654 invenimus:
1057 2591 1168 2663 judicio
1200 2595 1309 2654 scilicet

129 2695 307 2756 absolutorio
338 2699 362 2756 is
393 2698 441 2771 qni
469 2695 646 2769 Justificatur
675 2712 708 2755 rc
738 2711 808 2754 vera
836 2696 867 2753 in
893 2699 999 2754 statum
1026 2695 1199 2768 normalem,
1227 2711 1309 2753 usum

129 2799 264 2859 videlicet
290 2801 415 2858 omnium
430 2799 573 2860 bonorum
588 2797 812 2871 transgreditur,
835 2802 971 2872 tanquam
986 2798 1064 2872 leges
1080 2814 1137 2856 non
1152 2796 1308 2857 violaverit.

133 2903 200 2962 Jam
214 2903 301 2962 etiam
316 2904 374 2961 alia
388 2902 439 2962 illa
455 2901 606 2961 difficultas
622 2905 736 2960 remota
751 2906 809 2974 est,
825 2899 967 2975 quomodo
982 2900 1046 2960 lieri
1060 2901 1165 2977 possit,
1184 2905 1216 2958 ut
1230 2901 1309 2960 Deus

131 3006 256 3082 aliquem
272 3006 377 3065 bonum
394 3006 530 3081 appellet,
546 3005 594 3079 qui
608 3003 700 3064 bonus
719 3022 776 3063 non
796 3005 847 3062 sit:
864 3021 922 3062 non
938 3003 1043 3062 bonum
1058 3021 1123 3063 eum
1139 2998 1307 3085 appellatfl)

130 3109 180 3168 sed
206 3109 316 3181 justum
345 3110 404 3168 sive
427 3108 556 3168 declarat
577 3109 636 3167 sive
658 3106 767 3167 reddit:
795 3108 942 3182 Accipe,
972 3107 1119 3184 inquiens,
1157 3124 1230 3183 quae
1256 3109 1308 3180 vis,

133 3214 262 3287 quamvis
295 3228 353 3270 non
385 3212 476 3271 bonus
509 3212 560 3283 sis3
593 3212 639 3272 vel
672 3216 704 3270 ut
734 3205 896 3297 παραδόξῳ
929 3209 1102 3285 exprimam:
1139 3210 1184 3270 Sis
1213 3212 1310 3283 justus

133 3314 316 3393 (obJective),
346 3331 517 3390 quamquam
544 3331 600 3374 non
619 3316 712 3388 jnstus
735 3332 766 3375 cs
789 3309 973 3393 (subJ'ective)
997 3313 1032 3372 cf.
1055 3314 1093 3374 ΙΙ.
1117 3313 1182 3373 Gor.
1206 3315 1234 3390 5,
1258 3315 1307 3375 21.

218 3500 240 3568 ¹)
263 3501 344 3552 Ueteri
361 3502 377 3555 l.
396 3519 415 3554 c.
431 3519 457 3565 p.
477 3499 526 3553 88:
546 3519 593 3565 „so
611 3501 670 3550 dass
690 3499 744 3550 Gor
762 3501 806 3550 den
825 3499 966 3569 Menoeten,
984 3500 1027 3549 der
1044 3518 1076 3549 aa
1093 3501 1144 3551 rich
1163 3496 1252 3563 ἄδικος
1270 3503 1308 3565 r'at,

131 3607 183 3640 zum
203 3589 300 3650 δίκαιος
312 3588 422 3652 macht,
440 3588 491 3637 aad
507 3588 547 3638 idn
565 3589 607 3638 wie
624 3588 689 3638 einen
705 3587 830 3653 pesetzlicd
849 3585 1080 3636 Volllcommenen
1098 3587 1255 3651 betoudclt“,·
1272 3591 1307 3654 cf.

126 3695 152 3742 p.
170 3675 210 3728 91.
229 3673 271 3724 54.
307 3674 414 3725 erckcrl
431 3675 446 3724 l.
465 3693 485 3726 c.
500 3692 527 3740 p.
548 3671 613 3726 271:
631 3672 704 3739 „Gor
721 3675 798 3724 inacte
816 3675 860 3723 deu
878 3672 1006 3722 Meneclem
1025 3673 1133 3738 δίκαιος,
1151 3675 1214 3724 nicht
1231 3674 1308 3725 indam

128 3780 153 3812 er
175 3762 221 3811 itm
242 3761 279 3811 εἶα
302 3761 402 3811 anderes
425 3761 538 3811 radietas
556 3759 637 3811 Weaea
652 3759 734 3826 ylebl“
751 3771 793 3814 cle.
828 3759 967 3824 Hcfmcmo,
992 3758 1184 3825 Satrifrleweia
1210 3761 1256 3825 ll,
1279 3779 1306 3826 p.

130 3845 183 3897 612
200 3865 233 3900 s.:
258 3847 649 3911 Verlrdltama-Bescltaffenlrcil.
682 3849 716 3910 cs.
731 3864 758 3912 p.
777 3844 838 3896 643.
873 3845 976 3913 Ritsctl,
993 3845 1025 3898 A.
1043 3848 1076 3899 K.
1092 3864 1118 3910 p.
1139 3846 1180 3899 77.
1211 3847 1305 3897 Luder-

128 3933 192 3997 tect,
211 3932 249 4000 ll,
263 3932 320 3985 195.
344 3933 449 3999 Diestcl,
465 3952 491 3998 p.
506 3931 568 3985 250.
583 3959 613 3970 -
630 3928 650 3998 2)
662 3935 768 4000 Kapan,
787 3932 843 3982 Dua
855 3933 1012 3997 Euangeliou:
1031 3932 1073 3981 dea
1085 3930 1195 3996 Apoatsla
1208 3931 1309 3987 Ρααὶαε.

131 4017 208 4073 1879.
240 4038 266 4084 p.
286 4017 330 4072 52.
349 4017 393 4072 53.
429 4018 609 4086 tentissime,
628 4017 677 4072 sed
700 4017 768 4072 falso
793 4017 869 4072 illam
887 4017 1078 4074 difficultatem
1095 4017 1212 4087 protulit
1228 4019 1309 4088 Bam,

129 4105 234 4169 Paulae,
261 4105 303 4168 II,
329 4124 353 4170 p.
382 4105 444 4157 711:
463 4106 543 4169 „dam
566 4105 609 4154 der
630 4122 663 4154 aa
685 4105 736 4155 sict
759 4105 902 4170 quereclrtc
924 4106 961 4156 eiu
982 4103 1105 4156 Gercclttcr
1124 4105 1174 4162 seia
1196 4107 1253 4170 coll,
1279 4108 1309 4156 r'al

129 4191 171 4240 der
194 4191 330 4255 ee'qculliclee
352 4192 435 4242 Indolt
453 4192 493 4241 der
514 4189 631 4242 Glaabeua
649 4230 656 4244 .
676 4231 682 4242 .
702 4229 708 4246 .
744 4191 831 4242 Hierico
849 4193 890 4242 dot
908 4192 946 4242 die
960 4191 1030 4257 paul.
1049 4191 1081 4243 R.
1101 4190 1131 4245 L.
1151 4192 1201 4242 ihre
1216 4200 1309 4258 prderte

130 4279 215 4329 Edrte.
251 4275 293 4328 Sia
310 4295 373 4327 musa
390 4278 429 4328 aa
447 4276 553 4328 wirkliclr
571 4277 707 4328 votando
724 4278 825 4328 anactea
843 4318 849 4330 .
869 4318 875 4329 .
895 4318 901 4331 .
920 4279 985 4342 duae,
1003 4295 1054 4328 war
1071 4296 1103 4328 αα
1120 4278 1171 4328 rr'cd
1189 4268 1300 4338 sioalira,

130 4362 232 4416 deaucet
251 4364 308 4417 iet.“
346 4363 446 4431 Ile'trcdd
464 4365 480 4418 l.
493 4382 512 4416 c.
522 4382 548 4434 p.
563 4362 610 4420 84:
629 4365 794 4430 daeqeuls‘cte
808 4364 1181 4433 Uretur...einayntleatcta
1202 4365 1305 4436 Urtltcil⁸
