3160 4990
732 349 945 412 ..24..„

255 520 361 594 sciunt,
391 525 488 578 tamen
517 535 574 579 non
600 524 666 578 sunt
691 520 725 594 ii,
756 521 805 593 qui
835 537 899 579 eam
926 524 1115 580 contemnant.
1169 523 1261 596 Igitur
1287 537 1323 581 no
1351 521 1424 579 haec

255 622 369 699 quidem
389 622 502 696 justitia
522 623 652 682 consistit
680 624 774 698 primo
802 623 866 683 looc
887 625 917 682 in
939 624 1039 684 habitu
1061 626 1183 698 quodam
1205 625 1306 684 morali
1328 625 1373 683 vel
1394 624 1425 682 in

253 728 335 788 bonis
357 725 484 786 moribus
506 729 536 785 et
557 726 681 786 motibus
703 727 825 787 hominis
847 745 901 802 per
928 744 972 804 se,
1000 729 1051 788 sed
1079 730 1181 808 estin
1203 733 1280 787 statu
1307 729 1367 801 ejus
1395 733 1425 785 et

254 831 395 890 relatione
417 846 502 905 quarn
523 829 612 889 habet
633 847 697 889 cnm
719 831 781 890 aliis
796 830 966 891 hominibus
999 832 1099 891 Justus
1121 827 1236 906 δίκαιος
1259 834 1302 889 est
1323 831 1355 904 is,
1378 831 1425 903 qui

254 951 318 994 eam
347 934 458 995 obtinet
487 951 557 1008 erga
588 939 699 994 ceteros
731 935 940 1007 condicionem,
971 951 1055 1010 qnam
1084 939 1206 1010 oportet.
1258 934 1322 992 Hoc
1351 934 1425 991 enim

253 1044 334 1099 certe
360 1040 436 1098 inest
465 1043 495 1097 et
520 1039 550 1096 in
575 1036 702 1098 hebraeo
732 1049 796 1118 pust
827 1042 962 1113 „rectum
988 1041 1073 1098 esse“
1102 1043 1131 1098 et
1157 1038 1188 1096 in
1214 1053 1319 1112 graeco
1348 1032 1425 1117 δίκη,

252 1157 382 1202 normam
408 1141 532 1216 adquam
557 1157 614 1201 non
640 1141 806 1216 supercedi,
835 1141 887 1201 sed
913 1141 1061 1201 observari
1087 1147 1116 1201 et
1142 1141 1263 1216 impleri.
1318 1139 1425 1212 Quodsi

254 1247 316 1321 quis
343 1245 418 1305 hanc
443 1261 573 1305 normam
600 1244 820 1320 transgreditur,
846 1245 876 1304 in
903 1263 933 1304 se
959 1246 1021 1319 ipso
1047 1247 1137 1304 malus
1165 1250 1224 1318 est,
1256 1243 1332 1319 quod
1359 1259 1427 1302 vero

253 1349 291 1408 ad
313 1349 386 1409 alios
408 1349 515 1408 attinet
535 1348 677 1420 homines,
704 1349 840 1422 injustus,
867 1348 945 1407 illam
968 1348 1164 1408 condicionem
1187 1350 1320 1408 amittens
1343 1363 1428 1420 quam

253 1457 369 1528 oportet
397 1452 513 1514 habere.
565 1451 648 1512 Unde
678 1453 772 1527 primo
802 1454 911 1526 evenit,
941 1457 973 1510 ut
993 1452 1058 1526 lege
1081 1453 1186 1513 violata
1206 1453 1270 1526 lege
1292 1452 1427 1525 puniatur

253 1556 298 1617 vel
316 1557 383 1630 jure
405 1557 511 1616 violato
531 1555 654 1629 injustus
669 1555 731 1614 fiat:
756 1557 810 1615 etsi
826 1554 948 1615 sortasse
964 1573 1021 1615 non
1036 1557 1161 1633 punitur,
1178 1561 1274 1615 tamen
1289 1556 1320 1614 in
1334 1572 1369 1615 ea
1384 1559 1429 1613 est

252 1660 408 1734 relatione,
436 1661 461 1719 si
482 1660 575 1734 legem
597 1661 778 1734 respicimus,
800 1664 832 1718 ut
853 1661 901 1719 lex
923 1677 988 1719 eum
1010 1659 1114 1719 debeat
1134 1659 1250 1734 punire,
1273 1658 1308 1718 cl.
1323 1659 1345 1718 Ι.
1361 1657 1428 1718 (lor.

256 1765 304 1838 11,
326 1763 381 1824 at:
404 1757 514 1844 ἔνοχος.
548 1763 619 1822 Inde
641 1763 816 1838 perspicitur
827 1760 853 1842 1)
881 1763 1029 1823 notionem
1047 1763 1178 1834 justitiae
1199 1763 1340 1838 humanae
1365 1777 1429 1820 esse

253 1867 400 1928 notionem
418 1866 582 1939 juridicam.
628 1865 759 1925 Secundo
786 1866 900 1926 demum
922 1867 987 1926 loco
1009 1867 1174 1940 respicitur,
1197 1867 1286 1927 statui
1304 1863 1429 1939 juridico

253 1971 300 2030 vel
329 1969 471 2044 objectivo
502 1970 678 2045 respondere
710 1969 840 2029 habitum
873 1970 1015 2044 quendam
1048 1971 1200 2045 moralem,
1235 1975 1268 2029 ut
1301 1967 1430 2041 accedat,

251 2077 359 2149 justum
382 2090 444 2133 csse
466 2090 524 2132 non
546 2074 636 2132 solum
660 2089 736 2144 eum,
760 2075 808 2147 qui
828 2073 892 2147 lege
914 2090 972 2133 non
994 2075 1141 2147 puniatur,
1171 2075 1220 2133 sed
1244 2090 1308 2133 eum
1332 2073 1427 2146 etiarn,

254 2180 303 2253 qui
323 2196 360 2237 ne
382 2177 532 2237 violaverit
554 2177 669 2251 quidem
695 2177 797 2250 legem.
848 2177 931 2235 Duae
959 2178 1047 2251 igitur
1073 2182 1171 2252 partes
1198 2182 1264 2236 sunt
1287 2176 1429 2250 justitiae:

253 2283 349 2358 prima
363 2285 394 2341 et
411 2281 581 2355 grauissima
596 2280 740 2351 objectiva
757 2285 788 2340 ct
803 2280 941 2354 juridica,
964 2281 1089 2340 secunda
1111 2281 1278 2354 subjectiva.
1291 2278 1316 2358 ὓ)
1350 2280 1429 2352 Quae

253 2386 327 2445 duae
349 2389 447 2458 partes
469 2383 534 2442 lieri
556 2388 654 2458 potest
676 2388 709 2442 ut
729 2384 805 2442 inter
831 2400 862 2442 se
890 2383 1062 2458 discrepent.
1108 2384 1166 2443 Sed
1193 2401 1248 2458 quo
1274 2383 1431 2458 perfectior

252 2491 301 2550 lex
323 2493 367 2548 cst
390 2504 501 2563 qnoque
524 2485 710 2562 perfectiores
730 2487 856 2561 judices,
880 2503 914 2547 ec
937 2487 1028 2546 minus
1051 2488 1225 2562 discrepant.
1449 2471 1456 2484 ⁵

340 2593 435 2664 Quare
467 2589 575 2651 factum
607 2595 665 2668 est,
696 2595 729 2651 ut
759 2591 861 2651 ambae
893 2591 1016 2650 notionis
1046 2597 1145 2666 partes
1174 2590 1250 2666 apud
1280 2591 1430 2651 Hebraeos

254 2711 312 2756 non
335 2699 471 2755 scemate
494 2694 644 2755 distinctae
667 2695 733 2756 sint.
782 2695 837 2754 Vix
860 2696 935 2755 enirn
958 2696 1059 2753 autin
1082 2695 1189 2754 Vetere
1218 2700 1269 2754 aut
1296 2696 1326 2753 in
1348 2695 1430 2753 Novo

253 2799 438 2859 Testamento
449 2798 562 2871 justitia
575 2799 664 2857 civilis
678 2799 708 2857 in
724 2799 920 2873 quaestionem
932 2803 1060 2862 uocatur.
1085 2799 1181 2859 Unum
1196 2798 1304 2858 habent
1318 2803 1347 2856 et
1361 2815 1431 2856 eun-

254 2902 319 2961 dem
336 2902 531 2976 legislatorem
547 2907 576 2961 et
587 2902 718 2974 judicem
732 2902 986 2978 perfectissimum,
1002 2919 1085 2975 quem
1100 2906 1130 2961 et
1141 2901 1249 2961 iontem
1262 2907 1290 2960 et
1301 2917 1431 2960 normam

253 3005 379 3065 omnium
401 3005 541 3065 bonorum
564 3011 755 3082 cognoscunt,
782 3006 884 3064 Deum.
928 3004 958 3065 Si
985 3023 1068 3079 quern
1092 3005 1225 3077 judicans
1255 3005 1431 3080 reprobavit,

251 3111 374 3184 injustus
397 3110 465 3184 quin
487 3111 524 3169 sit
546 3126 631 3168 nemo
653 3114 697 3168 est
726 3111 774 3182 qni
802 3108 925 3182 dnbitct3
953 3109 1030 3184 quod
1059 3111 1083 3168 si
1114 3125 1197 3184 quom
1224 3109 1274 3168 alii
1301 3109 1431 3169 homines

252 3231 306 3288 per
328 3213 507 3288 aliquantum
529 3213 679 3288 temporis,
703 3229 873 3288 quamquam
896 3229 992 3272 coram
1007 3214 1071 3273 Dec
1095 3213 1216 3286 injustus
1236 3211 1302 3288 fuit,
1321 3213 1431 3285 justum

250 3316 405 3393 putabant,
422 3321 521 3375 tamen
535 3315 590 3376 hoc
604 3333 661 3376 non
678 3316 742 3376 lieri
756 3317 885 3391 potuisse
900 3317 956 3376 nisi
971 3333 1069 3376 errore
1085 3316 1253 3392 apparebat.
1286 3316 1432 3376 Judicavit

252 3437 322 3481 vero
341 3421 460 3484 Densa
480 3421 648 3495 posteriori,
671 3420 757 3480 rebus
781 3425 811 3480 et
834 3421 906 3480 actis
928 3420 1058 3480 humanis
1081 3421 1219 3495 inspectis
1238 3421 1320 3478 Rom.
1339 3421 1365 3494 l,
1391 3421 1430 3477 18

253 3521 287 3586 ci.
311 3522 340 3598 2,
369 3525 402 3588 2t
430 3517 515 3586 κατὰ
541 3516 704 3606 cibabatur:
730 3529 827 3584 tamen
850 3542 947 3585 verum
974 3530 1003 3584 ct
1024 3526 1173 3600 proprium
1191 3523 1345 3596 judicium,
1375 3539 1431 3597 quo

160 3652 162 3656 ·
253 3644 336 3704 quem
358 3627 435 3687 Deus
462 3627 599 3702 injustum
627 3628 768 3704 declarat,
796 3646 814 3688 a
843 3624 935 3704 priori
963 3629 1077 3688 videtur
1103 3643 1166 3687 esse
1195 3627 1276 3688 Rom.
1300 3628 1328 3700 3,
1356 3629 1373 3684 9
1397 3645 1430 3701 a,

253 3732 283 3806 5,
308 3731 348 3792 12
363 3748 415 3802 ss.;
437 3735 469 3792 ut
491 3737 647 3806 appareat,
670 3750 735 3792 eum
756 3733 899 3808 inspicere
922 3749 991 3793 sane
1015 3737 1044 3790 et
1065 3731 1228 3805 intelligere
1243 3734 1273 3790 et
1288 3730 1430 3803 nuntiare,

253 3834 383 3894 homines
406 3837 534 3910 malos,
556 3836 622 3911 quin
646 3837 784 3911 pessimos
807 3853 885 3908 esse,
907 3835 937 3896 id
957 3836 1033 3910 quod
1047 3852 1104 3895 non
1119 3835 1256 3906 voluerit3
1278 3833 1346 3892 inde
1361 3850 1431 3892 vero

343 4003 363 4069 ¹)
387 4004 528 4071 Quomodo
552 4005 639 4054 Immer
661 4003 678 4056 l.
697 4020 720 4058 c.
739 4021 764 4073 p.
785 4005 834 4058 290
862 4001 1021 4072 tractoribus
1048 4003 1121 4058 dicat
1144 4018 1203 4058 csse
1225 4003 1292 4068 „dos
1309 4003 1431 4069 Ersaercn

254 4091 306 4142 aad
322 4092 372 4141 siclt
391 4090 516 4141 erossea
534 4094 585 4156 auf
598 4092 636 4142 dic
656 4090 740 4141 Gadda
757 4092 807 4141 aad
828 4091 903 4141 'l‘rcoe
924 4089 1022 4141 Getam
1042 4105 1097 4142 non
1120 4089 1250 4156 intelligo.
1268 4117 1297 4126 -
1320 4085 1342 4152 2)
1360 4088 1430 4142 Fere

257 4193 350 4232 omnes
363 4175 484 4246 theologi
497 4175 591 4232 biblici
603 4193 766 4248 quamquam
778 4181 885 4247 partem
898 4177 1073 4246 subjectivam
1086 4176 1245 4246 plerumque
1257 4173 1374 4244 priorem
1385 4176 1430 4229 vel

255 4262 340 4318 solam
369 4263 483 4332 iaciunt,
513 4281 567 4318 non
599 4269 713 4333 possunt
742 4265 806 4334 quin
834 4264 995 4333 objectivam
1018 4267 1167 4331 agnoscant
1188 4261 1223 4316 cf.
1248 4278 1270 4316 e.
1295 4277 1318 4329 g,
1344 4262 1431 4328 Πειρη,

255 4349 273 4413 l·
293 4365 315 4414 t).
334 4367 361 4420 p.
380 4349 414 4406 86
432 4365 453 4410 s.
474 4350 507 4418 df.
527 4351 574 4406 54:
594 4352 636 4406 dar
654 4351 746 4408 dedolata
763 4352 865 4412 st'ttliclte
882 4351 987 4418 Btyriff
999 4351 1049 4404 uod
1065 4389 1092 4412 .,
1111 4351 1171 4402 cuod
1190 4351 1236 4402 das
1253 4349 1345 4417 dickele
1365 4347 1432 4401 θαι.
