3160 4990
746 415 958 476 „34-

265 582 352 644 fidem
369 582 544 661 justificare,
569 583 621 644 sed
645 582 733 643 etiam
755 579 897 665 λατρείαν
920 601 983 642 eam
1006 584 1085 644 dieat
1107 603 1170 644 osse
1193 580 1226 667 (ξ
1241 581 1310 668 49),
1333 604 1437 662 quam·

265 687 310 747 vis
333 683 366 770 (§
382 682 436 770 56)
469 691 548 746 reate
571 686 709 763 deneget,
734 705 797 746 eam
816 684 993 763 justificare,
1017 687 1086 762 quia
1108 705 1180 764 opus
1196 689 1242 764 sit,
1258 696 1355 750 tamen
1376 709 1436 749 non

265 790 398 867 impedit,
423 789 576 865 quominus
598 794 737 865 tanquam
761 807 833 865 opus
857 789 1049 849 describatur.

349 895 435 952 Nune
458 910 533 967 qnae
555 891 717 952 invenimus
732 891 857 967 pauois'
873 897 1018 967 oportet
1033 893 1213 969 explicare
1229 901 1263 954 et
1277 895 1434 956 illustra·

264 1016 310 1056 re.
354 996 452 1055 Primo
467 995 555 1054 lioeat
577 994 613 1054 de
636 1012 670 1053 ea
685 995 856 1069 quaestione
877 1013 973 1070 pauoa
997 995 1153 1073 disserere,
1178 999 1257 1069 eujus
1279 999 1364 1059 nobis
1387 1001 1438 1075 qui

264 1099 310 1159 his
342 1098 520 1175 temporibus
554 1097 678 1156 vivimus
710 1097 808 1157 statim
841 1096 871 1156 in
904 1103 1029 1158 mentem
1062 1099 1156 1158 venit:
1187 1119 1255 1176 qua
1281 1120 1316 1160 re
1343 1102 1438 1162 iides

264 1202 357 1264 tanti
378 1201 490 1278 pretii
511 1200 592 1278 iiat,
616 1204 653 1259 ut
669 1201 761 1260 Deus
785 1220 857 1260 eam
880 1196 1084 1282 elegerit.1)
1129 1203 1239 1262 Partim
1266 1204 1295 1262 in
1310 1205 1345 1264 iis
1361 1224 1437 1280 quae

260 1306 322 1382 jam
344 1304 481 1390 diximus,
504 1303 654 1380 responsio
678 1303 766 1381 inest3
799 1322 835 1362 ex
857 1304 949 1362 altera
979 1322 1049 1362 vero
1071 1309 1155 1379 parte
1177 1323 1235 1366 non
1256 1313 1353 1382 potest
1373 1309 1438 1368 dari

264 1407 423 1484 responsio.
467 1408 501 1465 In
523 1407 574 1466 illa
597 1406 671 1466 enim
694 1405 866 1481 quaestione
886 1425 921 1466 ea
945 1406 1011 1482 ipsa
1037 1407 1176 1482 cogitatio
1191 1408 1338 1469 invenitur
1352 1429 1438 1486 quam

264 1512 375 1570 Paulus
396 1510 560 1587 impugnat,
585 1509 697 1569 scilieet
720 1509 826 1568 debere
850 1511 944 1568 Deum
965 1511 1002 1569 ob
1026 1509 1169 1570 sotionem
1193 1513 1339 1585 quandam
1361 1533 1437 1573 mer·

265 1615 365 1674 oedem
380 1613 489 1672 homini
503 1612 640 1672 tribuere.
686 1611 716 1671 Si
738 1630 808 1671 vero
824 1613 947 1672 Paulum
970 1612 1130 1690 sequimur,
1148 1615 1228 1673 Deus
1248 1619 1277 1674 et
1292 1616 1436 1675 sotionem

263 1718 356 1794 ipsam
379 1736 415 1775 ex
437 1734 491 1776 sua
512 1719 658 1791 potestate
682 1714 764 1790 eligit
786 1720 816 1774 et
837 1715 944 1775 bonam
968 1715 1039 1774 dioit
1053 1722 1083 1774 et
1097 1717 1259 1776 mercedem
1275 1719 1434 1796 constituit,

264 1821 288 1880 si
319 1819 376 1878 huo
405 1837 477 1878 vooe
508 1818 550 1876 uti
580 1817 658 1876 lioet.
703 1817 820 1877 Laudat
849 1836 919 1878 sane
949 1817 1035 1876 fidem
1061 1821 1225 1896 apostolus,
1250 1821 1302 1880 sed
1324 1841 1383 1881 non
1404 1829 1437 1882 ut

263 1922 346 1982 multi
368 1923 463 1982 solent
485 1921 621 1981 virtutem
643 1921 778 1998 laudere,
802 1922 855 1980 sod
877 1921 946 1997 quia
969 1921 1093 1996 gratiam
1116 1928 1146 1981 et
1168 1923 1355 1982 veritatem
1377 1943 1436 1984 non

263 2025 370 2103 rejicit,
402 2025 453 2084 sed
480 2025 669 2104 oboedienter
695 2023 809 2099 aooipit.
823 2020 849 2105 ἓ)
893 2025 987 2084 Totus
1014 2024 1088 2083 enim
1119 2031 1253 2084 versatur
1274 2027 1384 2086 Paulus
1405 2027 1437 2085 in

264 2149 300 2190 ea
322 2127 483 2204 sententia,
507 2127 661 2186 veritatem
683 2145 747 2186 esse
770 2125 954 2202 evangelium
976 2145 1059 2185 suum
1076 2132 1105 2186 et
1120 2129 1157 2186 ob
1173 2147 1237 2187 eam
1252 2147 1312 2187 rem
1329 2130 1436 2190 debere

263 2231 320 2291 fide
352 2231 445 2306 aooipi
475 2232 557 2289 Rom.
592 2231 639 2307 15,
676 2230 706 2288 8.
736 2230 774 2288 II.
813 2230 878 2289 Cor.
912 2232 959 2306 11,
994 2231 1049 2307 1⁰3
1084 2231 1132 2306 13,
1164 2232 1197 2308 83
1239 2231 1344 2306 quodsi
1379 2251 1436 2292 nou

264 2353 364 2394 verum
380 2338 467 2410 esset,
482 2333 576 2408 ipsam
591 2331 677 2390 fidem
693 2328 828 2413 ματαίαν
842 2331 967 2392 futuram
983 2351 1047 2392 esse
1060 2335 1082 2391 Ι.
1097 2332 1161 2392 Cor.
1177 2334 1224 2411 15,
1241 2336 1279 2394 17
1294 2335 1330 2394 of.
1344 2354 1371 2393 v.
1386 2337 1434 2394 14.

264 2437 451 2498 Abstraotam
477 2435 566 2511 igitur
592 2433 660 2494 fidei
690 2434 836 2494 notionem
859 2435 968 2494 Paulus
1001 2453 1058 2496 nou
1090 2435 1182 2507 novit;
1213 2437 1286 2497 fides
1308 2438 1437 2512 gentium

264 2545 294 2602 et
315 2541 492 2600 Judaeorum
514 2533 640 2602 ἀπιστία
655 2537 683 2596 ei
697 2537 813 2598 videtur
827 2556 891 2598 esse
907 2539 989 2596 Rom.
1009 2541 1056 2615 11,
1075 2539 1115 2597 20
1139 2539 1176 2598 of.
1192 2541 1230 2599 Π.
1247 2540 1311 2600 Gor.
1329 2545 1356 2618 6,
1376 2543 1435 2618 14.,

264 2644 398 2722 quamvis
415 2641 575 2704 Abrahami
589 2640 675 2700 fidem
690 2658 748 2700 non
763 2643 914 2717 reprobet,
932 2641 1040 2717 quippe
1063 2641 1112 2716 qui
1134 2642 1164 2700 in
1187 2641 1367 2724 ἐπαγγελίαν
1381 2644 1438 2704 Dei

264 2747 300 2808 de
322 2748 395 2808 Jesu
417 2745 529 2806 Christo
553 2746 651 2805 datam
674 2763 706 2804 se
729 2744 876 2804 direxerit.
920 2745 1025 2819 Neque
1049 2744 1177 2822 quaerit,
1202 2747 1345 2820 quomodo
1372 2765 1438 2806 oum

259 2849 375 2926 justitia
387 2848 443 2908 Dei
455 2848 547 2925 possit
558 2848 695 2924 conjungi
709 2847 791 2925 fides,
812 2847 954 2922 siquidem
975 2847 1090 2923 plurimi
1107 2848 1238 2908 homiues
1254 2850 1438 2924 evangelium

263 2971 322 3013 non
345 2953 510 3012 audiverint
531 2970 625 3024 neque
641 2951 785 3011 Christum
801 2950 1006 3028 cognoveriut3
1037 2950 1121 3010 immo
1143 2958 1296 3029 properat,
1321 2957 1353 3011 ut
1374 2953 1437 3028 ipse

263 3056 488 3135 quamplurimis
500 3074 565 3115 eum
576 3054 699 3114 nuntiet.
723 3055 791 3114 Sole
802 3053 878 3113 euim
889 3053 946 3112 fide
959 3053 1118 3113 ohristiaua
1129 3054 1363 3130 hominesJustos
1374 3055 1438 3114 fieri

264 3165 294 3220 ot
315 3159 416 3220 vivero
437 3158 660 3236 persuassimum
684 3157 804 3216 eierat.
848 3158 933 3216 Unde
960 3157 1040 3217 venit
1065 3156 1366 3218 universalismus
1388 3159 1438 3234 qui

264 3263 369 3324 dieitur
378 3263 527 3322 Paulinus.
550 3262 616 3322 Jam
624 3260 700 3320 enim
709 3261 816 3320 Vetere
825 3260 1015 3319 Testamento
1025 3259 1172 3335 provisum
1183 3279 1256 3337 esse,
1265 3266 1369 3336 gentes
1380 3261 1437 3320 fide

259 3367 450 3443 justificatum
462 3365 498 3426 iri
512 3366 576 3426 Gal.
590 3367 618 3441 3,
632 3366 662 3422 8.
676 3363 712 3422 oi.
729 3364 811 3424 Rom.
825 3364 853 3440 3,
868 3364 905 3423 21
917 3382 923 3434 ;
942 3363 1069 3423 Judaeos
1086 3382 1104 3422 a
1119 3365 1185 3438 lege
1201 3363 1347 3424 redemtos
1363 3363 1437 3441 esse,

263 3475 296 3532 ut
311 3476 341 3530 et
355 3475 457 3546 gentes
473 3473 502 3528 et
516 3467 621 3528 Judaei
635 3467 692 3526 fide
707 3465 759 3526 filii
780 3465 851 3525 fiant
867 3465 931 3526 Gal.
948 3468 976 3543 3,
996 3467 1034 3524 13
1051 3485 1074 3526 s.
1098 3467 1127 3543 4,
1145 3468 1180 3535 ὃς
1211 3479 1301 3540 quare
1323 3473 1439 3543 tempus

264 3593 320 3650 quo
344 3573 474 3634 Christus
500 3571 604 3632 missus
631 3573 676 3631 est
702 3566 853 3652 πλήρωμα
884 3569 936 3631 τοῦ
958 3564 1062 3651 χρόνον
1089 3574 1134 3628 est
1157 3569 1221 3628 Gai.
1245 3571 1274 3647 4,
1298 3571 1343 3647 4.,
1367 3575 1438 3630 tem-

264 3696 318 3754 pus
329 3677 441 3736 soilioet
453 3675 503 3734 diu
513 3678 719 3752 praeparatum
731 3678 761 3733 et
774 3672 1022 3749 praedestinatum
1035 3673 1063 3750 3,
1081 3673 1118 3731 15
1131 3690 1169 3731 ss.
1189 3673 1229 3732 22
1242 3688 1284 3745 ss;
1306 3689 1391 3747 quam
1401 3674 1439 3732 ob

353 3881 371 3948 ¹)
389 3879 429 3934 Gf.
447 3879 544 3940 Immer,
563 3877 581 3930 l.
599 3892 621 3932 o.
639 3891 665 3944 p.
685 3875 741 3930 290.
787 3875 885 3939 Ewald,
905 3875 953 3925 Die
972 3876 1047 3926 Labra
1073 3875 1115 3926 der
1132 3873 1204 3926 Bou
1229 3894 1272 3926 νοα
1303 3873 1357 3928 Gon
1382 3873 1440 3925 oder

269 3966 392 4032 Theolopia
410 3967 451 4016 des
463 3966 533 4014 Alteri
542 3964 591 4013 aad
602 3961 684 4012 Nauen
696 3961 804 4030 Bendas,
818 3961 854 4025 II,
873 3959 928 4012 290
938 3981 957 4015 s.
976 3962 1028 4026 III,
1048 3960 1098 4012 113
1108 3979 1139 4012 ss.
1159 3992 1192 4000 -
1211 3959 1231 4028 2)
1250 3963 1270 4015 Ι.
1283 3958 1343 4015 Cor.
1356 3961 1380 4032 3,
1393 3962 1438 4015 11:

264 4056 377 4124 teporo
395 4093 401 4106 .
421 4093 427 4105 .
446 4051 557 4117 κείμενον
576 4087 582 4101 .
602 4085 608 4101 .
628 4046 738 4116 Χριστὸς
753 4043 862 4115 Ἰησοῦς.
897 4047 998 4102 Ibidem
1010 4046 1035 4114 8,
1046 4049 1075 4100 4:
1100 4049 1192 4102 siboto
1210 4063 1264 4100 non
1282 4051 1359 4115 sunt3
1382 4063 1439 4100 non

266 4149 307 4195 est
325 4139 399 4192 Deus
421 4140 532 4207 praeter
549 4150 644 4200 unum3
668 4133 732 4199 quin
751 4133 774 4186 si
792 4131 909 4186 fortasse
932 4138 1006 4202 sunt,
1029 4139 1122 4187 nostra
1146 4149 1200 4186 non
1223 4131 1308 4187 reiert
1326 4150 1354 4185 ν.
1370 4131 1394 4185 d.
1413 4131 1438 4200 6,

265 4225 299 4280 uf.
318 4224 358 4291 10,
371 4224 403 4278 19
416 4239 437 4278 Β.
451 4230 478 4277 et
490 4221 524 4275 II.
537 4220 598 4274 Cor.
612 4220 652 4286 11,
662 4220 688 4272 4.
701 4217 740 4272 Cf.
754 4219 902 4284 Holenam,
914 4218 1085 4284 Bibelstudian,
1096 4239 1121 4285 p.
1135 4219 1191 4270 511.
1228 4217 1350 4284 Phihppi,
1364 4217 1440 4275 Bria!

264 4331 297 4362 an
318 4312 355 4362 die
376 4311 470 4373 Rdmer,
485 4307 560 4372 1866,
578 4326 605 4372 p.
621 4303 703 4357 12611.
729 4304 830 4368 Ewald,
848 4305 864 4356 ί.
883 4323 903 4358 o.
921 4305 974 4370 ΙΙΙ,
987 4323 1014 4370 p.
1034 4303 1088 4355 265
1100 4323 1119 4358 s.
1155 4305 1244 4372 Kribel,
1264 4305 1316 4354 Der
1328 4303 1438 4354 biblisobe

266 4395 369 4463 Beqrrff
381 4399 424 4448 der
445 4393 577 4447 Walrrder‘t.
597 4391 674 4444 1879.
