3160 4990
755 395 943 452 ..6.-

267 563 423 624 πιστεῦσαι
452 565 490 640 ΙΙ,
523 565 551 639 2,
579 565 615 622 11
648 563 685 622 61.
711 565 759 622 12.
809 563 877 623 Sive
908 563 984 622 enim
1015 559 1160 626 πιστεύειν
1191 584 1228 624 cx
1259 565 1318 624 alia
1347 566 1452 642 aliqua

268 667 383 726 actione
407 672 458 725 aut
480 665 605 726 hominis
628 672 679 726 aut
701 667 758 725 Dei
779 667 909 726 nascitur
931 667 993 726 6166
1017 667 1176 744 suiipsius
1199 674 1243 728 661
1266 669 1362 745 origo:
1393 670 1451 728 fuit

268 775 348 830 66616
377 769 475 844 611666
503 775 634 845 tempore
662 774 691 829 et
718 770 815 844 aliquo
843 772 928 830 modo
955 770 1077 830 initium.
1123 771 1201 831 Satis
1228 777 1325 832 autem
1348 778 1453 850 aperte

268 895 296 933 6.
321 877 340 934 8
357 893 395 934 66.
420 875 456 933 61.
472 877 509 952 ΙΙ,
528 878 556 952 2,
576 877 613 934 13
631 875 810 952 declaratur,
827 875 975 934 notionem
991 861 1120 948 πίστεως
1134 893 1192 934 666
1209 877 1302 934 solum
1317 876 1454 936 habitum

267 980 348 1038 illum
382 979 521 1037 moralem
555 978 616 1037 sive
651 979 789 1038 virtutem
824 978 1047 1038 christianorum
1081 979 1247 1057 continere,
1279 981 1332 1039 scd
1362 980 1453 1039 ctiam

267 1082 381 1142 initium
413 1083 489 1159 ejus,
522 1081 666 1140 actionem
697 1082 835 1141 videlicet
864 1080 1100 1157 transgrediendi
1131 1083 1169 1141 ad
1198 1082 1279 1142 illum
1306 1083 1451 1144 habitum.

268 1187 314 1244 Ad
338 1205 373 1244 ea
396 1185 485 1261 enim,
516 1177 592 1260 6666
614 1205 643 1245 6.
660 1187 689 1244 8.
714 1186 749 1244 16
777 1185 871 1260 gloria
898 1190 927 1244 et
948 1184 1036 1244 laude
1058 1182 1187 1259 πίστεως
1209 1186 1454 1246 Thessalonicen·

270 1289 343 1348 sium
367 1289 517 1366 dicuntur,
543 1288 660 1347 additur
675 1308 704 1347 v.
722 1291 751 1347 9.
769 1290 913 1348 vocabulo
929 1283 986 1370 γάρ
1002 1289 1158 1365 conjuncta
1174 1307 1238 1348 cum
1254 1291 1454 1350 antecedenti-

270 1395 325 1452 bus
360 1392 519 1468 descriptio
553 1392 677 1452 actionis
711 1392 963 1470 transgrediendi,
998 1392 1128 1470 ejusdam
1163 1413 1239 1469 quac
1267 1395 1329 1472 jam
1363 1413 1391 1453 6.
1420 1398 1452 1454 6.

270 1496 418 1573 descripta
441 1500 500 1573 661,
526 1501 558 1555 61
580 1502 737 1575 appareat,
761 1496 847 1556 fidem
863 1515 921 1555 non
937 1497 1030 1556 solum
1046 1516 1110 1556 6666
1127 1497 1264 1557 virtutem
1279 1498 1381 1576 ipsam,
1398 1499 1454 1559 sed

271 1600 359 1659 etiam
381 1599 495 1658 initium
519 1600 596 1675 ejus:
629 1600 774 1660 actionem
797 1599 964 1660 assumendi
987 1600 1134 1676 evangelii
1154 1601 1275 1661 sive-
1291 1607 1391 1662 mutua
1407 1608 1454 1662 est
1560 1653 1561 1680 ,

272 1705 414 1764 connexio
440 1739 477 1747 —
503 1704 640 1763 tradendi
663 1724 694 1764 66
718 1704 756 1763 61
779 1704 976 1782 evangelium,
1002 1704 1145 1780 siquidem
1173 1724 1237 1764 cum
1260 1706 1360 1766 dativo
1384 1725 1453 1766 con·
1560 1685 1561 1726 ³

267 1808 401 1887 jungitur
429 1807 585 1869 πιστεῦσαι
607 1809 644 1884 Il,
670 1810 698 1885 2,
727 1809 774 1867 11.
802 1809 849 1868 12.
896 1808 984 1867 Α1161
1011 1827 1082 1867 6666
1111 1809 1266 1870 discrimen
1293 1809 1369 1869 inter
1396 1811 1453 1870 has
1560 1789 1561 1792 ¹

272 1915 345 1972 1666
367 1916 468 1989 666166
491 1911 619 1970 66116616
642 1911 711 1972 fidei
733 1929 791 1972 non
814 1917 858 1971 cst
881 1931 968 1988 qnam
987 1912 1065 1972 inter
1079 1913 1235 1975 πιστεῦσαι
1251 1918 1280 1972 61
1294 1908 1451 1990 πιστεύειν,
1560 1987 1561 1996 ἵ

269 2016 398 2093 16616666
421 2020 451 2074 61
465 2035 605 2092 pergere.
621 2081 623 2084 ,
866 2023 870 2030 ’

358 2122 462 2179 Ρ61661
485 2119 592 2194 6116616
616 2119 704 2178 etiam
728 2119 801 2178 alias
830 2139 877 2179 666
900 2139 1048 2180 assumere
1072 2140 1163 2195 seque
1178 2121 1213 2198 iis
1228 2120 1355 2198 tradere,
1372 2122 1455 2180 velut
1560 2133 1561 2136 ’

271 2225 315 2308 τῷ
337 2220 441 2306 ψεύδει
464 2225 501 2300 Il,
526 2225 554 2300 2,
582 2224 630 2281 11.
676 2222 826 2299 Ejusmodi
855 2222 928 2282 fides
958 2231 993 2283 ea
1024 2230 1166 2302 666661,
1191 2237 1278 2300 quam
1302 2226 1453 2300 apostolus

273 2329 385 2387 laudat.
430 2329 498 2386 Non
520 2326 609 2403 igitur
631 2325 709 2386 66116
733 2327 900 2386 assumendi
923 2328 1069 2402 evangelii
1088 2328 1197 2387 idcirco
1213 2329 1359 2406 laudatur,
1385 2328 1454 2404 quia

273 2431 390 2492 omniuo
415 2430 527 2506 aliquid
550 2429 720 2489 assumitur:
751 2449 809 2488 non
832 2430 924 2490 forma
947 2430 1016 2489 fidei
1030 2431 1168 2491 laudibus
1184 2433 1311 2491 effertur.
1357 2435 1449 2506 Atque
1560 2421 1561 2464 ³

273 2555 309 2595 66
332 2539 453 2611 6666166
476 2533 706 2610 magnitudinem
730 2533 846 2609 quidem
870 2535 918 2592 vel
940 2552 1077 2608 magnam
1092 2535 1200 2610 agendi
1215 2535 1288 2612 vim,
1313 2540 1450 2610 tanquam

273 2642 395 2700 heroum
407 2635 433 2722 1)
470 2637 508 2698 sit
543 2638 633 2716 actio,
666 2638 811 2713 quomodo
849 2636 924 2696 enim
959 2638 1015 2696 lroc
1047 2637 1207 2697 existimari
1228 2644 1341 2716 potest,
1366 2657 1452 2714 quum
1560 2655 1561 2662 ¹

274 2745 361 2804 etiam
393 2740 419 2805 61
443 2737 632 2815 πιστεύοντες
662 2741 692 2800 16
715 2741 830 2816 agendo
853 2759 911 2800 non
934 2741 1057 2822 perlecti
1080 2741 1151 2818 sint,
1176 2742 1228 2802 sed
1246 2761 1319 2819 opus
1343 2743 1385 2801 eis
1407 2742 1454 2819 sit,

273 2853 306 2907 61
329 2847 481 2922 apostolus
507 2863 554 2904 eos
579 2845 764 2922 adhortetur,
788 2847 810 2922 I,
835 2848 864 2922 4,
892 2845 918 2921 l,
943 2848 975 2903 61
1008 2843 1063 2920 1661
1090 2844 1166 2904 16166
1199 2864 1230 2904 66
1262 2847 1456 2905 adhortentur

273 2953 296 3028 l,
321 2954 350 3028 4,
377 2953 404 3027 9,
429 2954 461 3008 61
485 2952 619 3008 66666661
642 2967 765 3025 semper,
789 2950 812 3025 l,
834 2949 862 3025 4,
890 2949 928 3006 10
945 2949 993 3025 61,
1016 2952 1049 3006 61
1065 2949 1145 3007 Dens
1161 2948 1223 3024 ipse
1239 2967 1290 3007 666
1306 2949 1456 3008 confirmet
1560 2931 1561 2938 ¹

273 3057 296 3130 l,
322 3056 350 3131 3,
378 3055 414 3112 13
440 3053 476 3111 cf.
502 3055 530 3130 2,
555 3051 698 3126 siquidem
721 3046 917 3134 ὑστερήματα
939 3052 995 3132 τῆς
1011 3049 1140 3124 πίστεως
1155 3056 1294 3111 66166166
1309 3055 1331 3130 I,
1350 3055 1377 3125 3,
1396 3054 1455 3111 10?

276 3157 418 3229 Quamvis
442 3156 472 3214 hi
496 3157 605 3232 gradus
641 3160 671 3214 61
704 3155 835 3214 16166166
868 3154 936 3214 fidei
963 3173 1028 3213 cum
1054 3155 1117 3231 ipso
1145 3155 1247 3215 habitu
1273 3156 1323 3215 illo
1355 3156 1458 3216 morali

275 3260 426 3338 conjuncti
448 3260 519 3337 sint,
546 3265 644 3318 tamen
667 3258 812 3336 indicant,
837 3278 873 3317 66
896 3257 1009 3318 initium
1032 3258 1150 3334 quidem
1166 3260 1228 3336 ejus
1244 3259 1362 3319 habitus
1378 3260 1458 3335 quod

276 3366 314 3425 ad
338 3366 459 3424 formam
484 3369 513 3423 61
536 3363 658 3439 gradum
682 3363 787 3423 attinet
810 3362 918 3438 agendi
939 3363 1101 3438 perfectum
1124 3382 1198 3423 6666.

364 3471 454 3527 Immo
477 3467 615 3526 laudatur
643 3465 711 3524 fidei
734 3465 810 3525 66116
832 3471 954 3544 6666166
979 3467 1010 3526 11
1032 3467 1061 3526 16
1085 3466 1164 3542 6661
1186 3485 1217 3525 66
1234 3466 1346 3545 dirigit,
1363 3469 1411 3526 vel
1426 3471 1459 3526 61

276 3575 404 3634 solemus
427 3571 524 3630 dicere
551 3575 673 3647 6666166
697 3571 843 3646 objectum
866 3570 998 3631 actionis.
1044 3572 1097 3629 Ε61
1124 3567 1200 3629 6616
1222 3563 1241 3651 ἡ
1264 3567 1363 3644 πίστις
1385 3565 1459 3652 πρὸς

275 3670 423 3739 6162616
446 3677 468 3752 I,
496 3676 522 3751 l,
547 3675 582 3732 8:
617 3692 687 3748 erga
710 3675 804 3733 Deum
827 3693 859 3734 se
882 3675 995 3751 dirigit,
1020 3675 1098 3749 quod
1121 3673 1197 3732 idem
1222 3674 1387 3734 accuratius
1410 3693 1458 3732 ex-

276 3780 394 3857 ponitur
417 3798 445 3836 v.
471 3781 500 3836 9.
528 3779 580 3854 10;
617 3777 797 3838 66666611666
817 3797 849 3838 66
865 3779 1001 3838 dicuntur
1016 3777 1296 3838 Thessalonicenses
1311 3779 1349 3836 ad
1365 3780 1458 3837 Deum

277 3886 313 3944 ab
337 3882 424 3942 idolis
449 3901 483 3942 66
501 3880 622 3940 66661116
644 3887 677 3941 61
699 3882 831 3942 66661661
846 3884 909 3941 Deo
933 3881 1045 3941 viventi
1061 3887 1089 3941 61
1109 3899 1179 3940 6666
1196 3887 1272 3942 6161
1289 3886 1460 3958 exspectent

277 3988 367 4046 filium
399 3987 462 4063 ejus
495 4007 510 4045 c
543 3985 641 4046 coelis.
689 3984 891 4068 Ἐπιστρέψαι
918 3991 962 4045 661
993 3985 1069 4045 66116
1099 4004 1159 4045 666
1187 3992 1216 4045 61
1238 3986 1374 4062 simplex,
1398 3985 1460 4044 sive

279 4091 465 4150 6616666166
489 4090 634 4150 artissime
658 4091 815 4166 conjuncta
839 4107 903 4148 cnm
927 4109 962 4149 ea
985 4108 1073 4165 quam
1102 4109 1191 4167 supra
1217 4088 1381 4148 invenimus
1404 4089 1461 4147 dici

279 4247 483 4254 ——--....---.-—-

371 4331 388 4392 ¹)
407 4328 491 4382 Velut
510 4322 603 4393 Iurmcr,
627 4328 651 4377 T
648 4329 750 4392 16616616
768 4329 809 4377 des
822 4326 904 4377 Ncucu
922 4327 946 4376 T
943 4337 1085 4391 6616666166,
1106 4326 1183 4390 1877,
1193 4345 1220 4391 p.
1235 4325 1290 4377 287
1302 4341 1362 4380 eam
1374 4325 1462 4393 fidem,

281 4431 350 4484 quae
369 4416 389 4470 1.
410 4415 467 4469 Cor.
489 4415 521 4469 13
540 4413 717 4481 describitur,
735 4413 1019 4480 ‚,Glaubenrteroismus“
1038 4417 1101 4480 6616
1120 4411 1252 4480 designat.
