<?xml version="1.0" encoding="UTF-8"?>
<!DOCTYPE html PUBLIC "-//W3C//DTD XHTML 1.0 Transitional//EN"
    "http://www.w3.org/TR/xhtml1/DTD/xhtml1-transitional.dtd">
<html xmlns="http://www.w3.org/1999/xhtml" xml:lang="en" lang="en">
 <head>
  <title>
</title>
<meta http-equiv="Content-Type" content="text/html;charset=utf-8" />
  <meta name='ocr-system' content='tesseract 3.04.00' />
  <meta name='ocr-capabilities' content='ocr_page ocr_carea ocr_par ocr_line ocrx_word'/>
</head>
<body>
  <div class='ocr_page' id='page_1' title='image "./defideinotionee00schngoog_0037.png"; bbox 0 0 3160 4990; ppageno 0'>
   <div class='ocr_carea' id='block_1_1' title="bbox 747 375 959 436">
    <p class='ocr_par' dir='ltr' id='par_1_1' title="bbox 747 375 959 436">
     <span class='ocr_line' id='line_1_1' title="bbox 747 375 959 436; baseline 0 -20"><span class='ocrx_word' id='word_1_1' title='bbox 747 375 959 436; x_wconf 74' lang='lat'>...23-</span> 
     </span>
    </p>
   </div>
   <div class='ocr_carea' id='block_1_2' title="bbox 265 542 1442 1755">
    <p class='ocr_par' dir='ltr' id='par_1_2' title="bbox 265 542 1442 1755">
     <span class='ocr_line' id='line_1_2' title="bbox 265 542 1437 618; baseline -0.002 -14"><span class='ocrx_word' id='word_1_2' title='bbox 265 545 410 604; x_wconf 87' lang='lat' dir='ltr'>homiucm</span> <span class='ocrx_word' id='word_1_3' title='bbox 433 549 464 604; x_wconf 87' lang='lat' dir='ltr'>et</span> <span class='ocrx_word' id='word_1_4' title='bbox 484 557 571 618; x_wconf 86' lang='lat' dir='ltr'>super</span> <span class='ocrx_word' id='word_1_5' title='bbox 592 543 717 617; x_wconf 89' lang='lat' dir='ltr'>homine,</span> <span class='ocrx_word' id='word_1_6' title='bbox 738 542 814 601; x_wconf 90' lang='lat' dir='ltr'>unde</span> <span class='ocrx_word' id='word_1_7' title='bbox 836 543 1017 618; x_wconf 85' lang='lat' dir='ltr'>perspicitur,</span> <span class='ocrx_word' id='word_1_8' title='bbox 1040 559 1103 602; x_wconf 85' lang='lat' dir='ltr'>eam</span> <span class='ocrx_word' id='word_1_9' title='bbox 1126 559 1188 602; x_wconf 88' lang='lat' dir='ltr'>esse</span> <span class='ocrx_word' id='word_1_10' title='bbox 1210 544 1312 602; x_wconf 85' lang='lat' dir='ltr'>falsum</span> <span class='ocrx_word' id='word_1_11' title='bbox 1331 547 1437 602; x_wconf 89' lang='lat' dir='ltr'>statum</span> 
     </span>
     <span class='ocr_line' id='line_1_3' title="bbox 265 643 1438 724; baseline -0.002 -17"><span class='ocrx_word' id='word_1_12' title='bbox 265 647 423 724; x_wconf 78' lang='lat' dir='ltr'>falsamque</span> <span class='ocrx_word' id='word_1_13' title='bbox 441 647 563 707; x_wconf 90' lang='lat' dir='ltr'>hominis</span> <span class='ocrx_word' id='word_1_14' title='bbox 585 661 657 719; x_wconf 82' lang='lat' dir='ltr'>erga</span> <span class='ocrx_word' id='word_1_15' title='bbox 678 643 771 705; x_wconf 89' lang='lat' dir='ltr'>Deum</span> <span class='ocrx_word' id='word_1_16' title='bbox 793 646 976 720; x_wconf 78' lang='lat' dir='ltr'>relationem,</span> <span class='ocrx_word' id='word_1_17' title='bbox 999 663 1084 721; x_wconf 88' lang='lat' dir='ltr'>quam</span> <span class='ocrx_word' id='word_1_18' title='bbox 1106 664 1163 705; x_wconf 91' lang='lat' dir='ltr'>uon</span> <span class='ocrx_word' id='word_1_19' title='bbox 1184 664 1273 722; x_wconf 88' lang='lat' dir='ltr'>penes</span> <span class='ocrx_word' id='word_1_20' title='bbox 1295 648 1438 706; x_wconf 90' lang='lat' dir='ltr'>hominem</span> 
     </span>
     <span class='ocr_line' id='line_1_4' title="bbox 266 746 1439 825; baseline -0.002 -15"><span class='ocrx_word' id='word_1_21' title='bbox 266 753 304 810; x_wconf 86' lang='lat' dir='ltr'>sit</span> <span class='ocrx_word' id='word_1_22' title='bbox 325 755 433 811; x_wconf 86' lang='lat' dir='ltr'>rectam</span> <span class='ocrx_word' id='word_1_23' title='bbox 456 749 594 825; x_wconf 84' lang='lat' dir='ltr'>reddere,</span> <span class='ocrx_word' id='word_1_24' title='bbox 622 746 687 812; x_wconf 86' lang='lat' dir='ltr'>Gal.</span> <span class='ocrx_word' id='word_1_25' title='bbox 710 750 739 825; x_wconf 88' lang='grc'>3,</span> <span class='ocrx_word' id='word_1_26' title='bbox 762 751 802 808; x_wconf 86' lang='lat'>22</span> <span class='ocrx_word' id='word_1_27' title='bbox 825 767 860 821; x_wconf 83' lang='lat' dir='ltr'>s.;</span> <span class='ocrx_word' id='word_1_28' title='bbox 878 750 962 809; x_wconf 37' lang='lat' dir='ltr'>*Rom</span> <span class='ocrx_word' id='word_1_29' title='bbox 985 751 1013 824; x_wconf 90' lang='lat'>5,</span> <span class='ocrx_word' id='word_1_30' title='bbox 1038 751 1076 809; x_wconf 91' lang='lat'>12</span> <span class='ocrx_word' id='word_1_31' title='bbox 1099 767 1136 810; x_wconf 90' lang='lat' dir='ltr'>ss.</span> <span class='ocrx_word' id='word_1_32' title='bbox 1165 751 1240 808; x_wconf 89' lang='lat' dir='ltr'>sicut</span> <span class='ocrx_word' id='word_1_33' title='bbox 1260 750 1297 808; x_wconf 90' lang='grc' dir='ltr'>Π.</span> <span class='ocrx_word' id='word_1_34' title='bbox 1322 748 1387 811; x_wconf 89' lang='lat' dir='ltr'>Cor.</span> <span class='ocrx_word' id='word_1_35' title='bbox 1411 750 1439 824; x_wconf 89' lang='lat'>5,</span> 
     </span>
     <span class='ocr_line' id='line_1_5' title="bbox 267 845 1439 938; baseline 0 -23"><span class='ocrx_word' id='word_1_36' title='bbox 267 857 305 915; x_wconf 89' lang='lat'>21</span> <span class='ocrx_word' id='word_1_37' title='bbox 323 855 403 915; x_wconf 87' lang='lat' dir='ltr'>Deus</span> <span class='ocrx_word' id='word_1_38' title='bbox 417 853 523 914; x_wconf 91' lang='lat' dir='ltr'>dicitur</span> <span class='ocrx_word' id='word_1_39' title='bbox 538 851 683 912; x_wconf 80' lang='lat' dir='ltr'>christum</span> <span class='ocrx_word' id='word_1_40' title='bbox 698 845 851 935; x_wconf 79' lang='grc' dir='ltr'>ἁμαρτίαν</span> <span class='ocrx_word' id='word_1_41' title='bbox 867 851 1016 929; x_wconf 81' lang='lat' dir='ltr'>fecisse.1)</span> <span class='ocrx_word' id='word_1_42' title='bbox 1049 852 1133 914; x_wconf 87' lang='lat' dir='ltr'>Unde</span> <span class='ocrx_word' id='word_1_43' title='bbox 1155 852 1200 925; x_wconf 91' lang='lat' dir='ltr'>fit,</span> <span class='ocrx_word' id='word_1_44' title='bbox 1222 858 1255 912; x_wconf 89' lang='lat' dir='ltr'>ut</span> <span class='ocrx_word' id='word_1_45' title='bbox 1269 847 1439 938; x_wconf 90' lang='grc' dir='ltr'>δικαιοσύνη</span> 
     </span>
     <span class='ocr_line' id='line_1_6' title="bbox 265 949 1439 1039; baseline -0.007 -18"><span class='ocrx_word' id='word_1_46' title='bbox 265 957 340 1023; x_wconf 70' lang='lat' dir='ltr'>neat</span> <span class='ocrx_word' id='word_1_47' title='bbox 370 951 624 1038; x_wconf 86' lang='grc' dir='ltr'>ἀποκαλύπτηται</span> <span class='ocrx_word' id='word_1_48' title='bbox 644 956 727 1016; x_wconf 89' lang='lat' dir='ltr'>Rom.</span> <span class='ocrx_word' id='word_1_49' title='bbox 754 957 785 1028; x_wconf 92' lang='grc'>1,</span> <span class='ocrx_word' id='word_1_50' title='bbox 819 955 867 1028; x_wconf 87' lang='grc'>17,</span> <span class='ocrx_word' id='word_1_51' title='bbox 897 957 972 1015; x_wconf 86' lang='lat' dir='ltr'>sicut</span> <span class='ocrx_word' id='word_1_52' title='bbox 1002 949 1156 1039; x_wconf 83' lang='grc' dir='ltr'>ἀμνηστία</span> <span class='ocrx_word' id='word_1_53' title='bbox 1184 957 1379 1032; x_wconf 86' lang='lat' dir='ltr'>proclamatur</span> <span class='ocrx_word' id='word_1_54' title='bbox 1409 957 1439 1015; x_wconf 91' lang='lat' dir='ltr'>in</span> 
     </span>
     <span class='ocr_line' id='line_1_7' title="bbox 266 1058 1440 1136; baseline -0.003 -14"><span class='ocrx_word' id='word_1_55' title='bbox 266 1062 372 1122; x_wconf 86' lang='lat' dir='ltr'>nostris</span> <span class='ocrx_word' id='word_1_56' title='bbox 387 1059 549 1122; x_wconf 85' lang='lat' dir='ltr'>civitatibus</span> <span class='ocrx_word' id='word_1_57' title='bbox 564 1058 676 1132; x_wconf 79' lang='lat' dir='ltr'>legibus</span> <span class='ocrx_word' id='word_1_58' title='bbox 691 1059 734 1118; x_wconf 89' lang='lat' dir='ltr'>rei</span> <span class='ocrx_word' id='word_1_59' title='bbox 755 1058 886 1136; x_wconf 87' lang='lat' dir='ltr'>publicae</span> <span class='ocrx_word' id='word_1_60' title='bbox 910 1075 966 1120; x_wconf 91' lang='lat' dir='ltr'>non</span> <span class='ocrx_word' id='word_1_61' title='bbox 989 1060 1092 1120; x_wconf 90' lang='lat' dir='ltr'>solutis</span> <span class='ocrx_word' id='word_1_62' title='bbox 1115 1058 1244 1135; x_wconf 89' lang='lat' dir='ltr'>quidem,</span> <span class='ocrx_word' id='word_1_63' title='bbox 1266 1060 1317 1119; x_wconf 89' lang='lat' dir='ltr'>sed</span> <span class='ocrx_word' id='word_1_64' title='bbox 1339 1077 1440 1120; x_wconf 88' lang='lat' dir='ltr'>scenn-</span> 
     </span>
     <span class='ocr_line' id='line_1_8' title="bbox 267 1160 1440 1239; baseline -0.003 -14"><span class='ocrx_word' id='word_1_65' title='bbox 267 1165 334 1225; x_wconf 86' lang='lat' dir='ltr'>dum</span> <span class='ocrx_word' id='word_1_66' title='bbox 356 1165 479 1239; x_wconf 79' lang='lat' dir='ltr'>gratiam</span> <span class='ocrx_word' id='word_1_67' title='bbox 500 1162 577 1237; x_wconf 81' lang='lat' dir='ltr'>regis</span> <span class='ocrx_word' id='word_1_68' title='bbox 599 1160 752 1222; x_wconf 81' lang='lat' dir='ltr'>adhibitis:</span> <span class='ocrx_word' id='word_1_69' title='bbox 774 1177 832 1222; x_wconf 89' lang='lat' dir='ltr'>non</span> <span class='ocrx_word' id='word_1_70' title='bbox 853 1164 1067 1237; x_wconf 85' lang='lat' dir='ltr'>proclamantur</span> <span class='ocrx_word' id='word_1_71' title='bbox 1089 1165 1154 1222; x_wconf 90' lang='lat' dir='ltr'>novi</span> <span class='ocrx_word' id='word_1_72' title='bbox 1176 1167 1271 1221; x_wconf 90' lang='lat' dir='ltr'>motus</span> <span class='ocrx_word' id='word_1_73' title='bbox 1293 1167 1323 1223; x_wconf 90' lang='lat' dir='ltr'>et</span> <span class='ocrx_word' id='word_1_74' title='bbox 1344 1180 1440 1222; x_wconf 89' lang='lat' dir='ltr'>mores</span> 
     </span>
     <span class='ocr_line' id='line_1_9' title="bbox 266 1260 1440 1348; baseline -0.003 -19"><span class='ocrx_word' id='word_1_75' title='bbox 266 1270 318 1330; x_wconf 89' lang='lat' dir='ltr'>sed</span> <span class='ocrx_word' id='word_1_76' title='bbox 340 1266 547 1328; x_wconf 82' lang='lat' dir='ltr'>summobono</span> <span class='ocrx_word' id='word_1_77' title='bbox 569 1281 655 1342; x_wconf 86' lang='lat' dir='ltr'>quum</span> <span class='ocrx_word' id='word_1_78' title='bbox 676 1266 767 1340; x_wconf 80' lang='lat' dir='ltr'>gratis</span> <span class='ocrx_word' id='word_1_79' title='bbox 790 1260 915 1348; x_wconf 79' lang='grc' dir='ltr'>(δωρεάν</span> <span class='ocrx_word' id='word_1_80' title='bbox 936 1266 1018 1327; x_wconf 89' lang='lat' dir='ltr'>Rom.</span> <span class='ocrx_word' id='word_1_81' title='bbox 1035 1268 1064 1343; x_wconf 86' lang='lat'>3,</span> <span class='ocrx_word' id='word_1_82' title='bbox 1087 1267 1140 1342; x_wconf 80' lang='lat'>24)</span> <span class='ocrx_word' id='word_1_83' title='bbox 1163 1272 1223 1324; x_wconf 87' lang='lat' dir='ltr'>tum</span> <span class='ocrx_word' id='word_1_84' title='bbox 1246 1267 1310 1341; x_wconf 88' lang='lat' dir='ltr'>jure</span> <span class='ocrx_word' id='word_1_85' title='bbox 1332 1282 1350 1325; x_wconf 85' lang='lat' dir='ltr'>a</span> <span class='ocrx_word' id='word_1_86' title='bbox 1372 1284 1440 1340; x_wconf 81' lang='lat' dir='ltr'>rege</span> 
     </span>
     <span class='ocr_line' id='line_1_10' title="bbox 266 1363 1439 1451; baseline -0.003 -20"><span class='ocrx_word' id='word_1_87' title='bbox 266 1372 387 1432; x_wconf 87' lang='lat' dir='ltr'>coelesti</span> <span class='ocrx_word' id='word_1_88' title='bbox 420 1369 536 1432; x_wconf 83' lang='lat' dir='ltr'>donata.</span> <span class='ocrx_word' id='word_1_89' title='bbox 600 1369 694 1442; x_wconf 79' lang='lat' dir='ltr'>Quare</span> <span class='ocrx_word' id='word_1_90' title='bbox 727 1368 914 1429; x_wconf 88' lang='lat' dir='ltr'>adumbratur</span> <span class='ocrx_word' id='word_1_91' title='bbox 947 1363 982 1432; x_wconf 82' lang='grc' dir='ltr'>τό</span> <span class='ocrx_word' id='word_1_92' title='bbox 1014 1367 1214 1451; x_wconf 51' lang='grc' dir='ltr'>δικαιωθῆναι</span> <span class='ocrx_word' id='word_1_93' title='bbox 1251 1369 1315 1430; x_wconf 81' lang='lat' dir='ltr'>Gal.</span> <span class='ocrx_word' id='word_1_94' title='bbox 1347 1370 1383 1443; x_wconf 89' lang='lat'>4,</span> <span class='ocrx_word' id='word_1_95' title='bbox 1421 1369 1439 1429; x_wconf 88' lang='lat'><strong>5</strong></span> 
     </span>
     <span class='ocr_line' id='line_1_11' title="bbox 266 1468 1439 1548; baseline -0.004 -12"><span class='ocrx_word' id='word_1_96' title='bbox 266 1474 303 1537; x_wconf 82' lang='lat' dir='ltr'>cf.</span> <span class='ocrx_word' id='word_1_97' title='bbox 340 1475 424 1538; x_wconf 89' lang='lat' dir='ltr'>Rom.</span> <span class='ocrx_word' id='word_1_98' title='bbox 457 1475 490 1547; x_wconf 88' lang='lat'>8,</span> <span class='ocrx_word' id='word_1_99' title='bbox 520 1472 653 1533; x_wconf 84' lang='grc'>15-17</span> <span class='ocrx_word' id='word_1_100' title='bbox 684 1488 754 1532; x_wconf 87' lang='lat' dir='ltr'>voce</span> <span class='ocrx_word' id='word_1_101' title='bbox 785 1468 951 1546; x_wconf 69' lang='grc' dir='ltr'>νίοῖιοσίαςε</span> <span class='ocrx_word' id='word_1_102' title='bbox 987 1472 1039 1532; x_wconf 86' lang='lat' dir='ltr'>lilii</span> <span class='ocrx_word' id='word_1_103' title='bbox 1075 1474 1132 1532; x_wconf 86' lang='lat' dir='ltr'>Dei</span> <span class='ocrx_word' id='word_1_104' title='bbox 1168 1469 1252 1548; x_wconf 89' lang='lat' dir='ltr'>quasi</span> <span class='ocrx_word' id='word_1_105' title='bbox 1285 1477 1439 1548; x_wconf 87' lang='lat' dir='ltr'>ponuntur,</span> 
     </span>
     <span class='ocr_line' id='line_1_12' title="bbox 265 1575 1442 1652; baseline -0.005 -13"><span class='ocrx_word' id='word_1_106' title='bbox 265 1582 296 1639; x_wconf 91' lang='lat' dir='ltr'>in</span> <span class='ocrx_word' id='word_1_107' title='bbox 317 1583 425 1639; x_wconf 88' lang='lat' dir='ltr'>statum</span> <span class='ocrx_word' id='word_1_108' title='bbox 447 1582 477 1637; x_wconf 92' lang='lat' dir='ltr'>et</span> <span class='ocrx_word' id='word_1_109' title='bbox 495 1579 562 1650; x_wconf 89' lang='lat' dir='ltr'>jura</span> <span class='ocrx_word' id='word_1_110' title='bbox 588 1575 712 1636; x_wconf 87' lang='lat' dir='ltr'>liliorum</span> <span class='ocrx_word' id='word_1_111' title='bbox 737 1592 805 1636; x_wconf 79' lang='lat' dir='ltr'>vere</span> <span class='ocrx_word' id='word_1_112' title='bbox 834 1581 1070 1652; x_wconf 88' lang='lat' dir='ltr'>transponuntur,</span> <span class='ocrx_word' id='word_1_113' title='bbox 1100 1577 1148 1650; x_wconf 88' lang='lat' dir='ltr'>qni</span> <span class='ocrx_word' id='word_1_114' title='bbox 1175 1575 1378 1652; x_wconf 86' lang='lat' dir='ltr'>justificantur,</span> <span class='ocrx_word' id='word_1_115' title='bbox 1410 1581 1442 1634; x_wconf 92' lang='lat' dir='ltr'>ut</span> 
     </span>
     <span class='ocr_line' id='line_1_13' title="bbox 265 1678 1441 1755; baseline -0.004 -12"><span class='ocrx_word' id='word_1_116' title='bbox 265 1682 372 1743; x_wconf 91' lang='lat' dir='ltr'>deiude</span> <span class='ocrx_word' id='word_1_117' title='bbox 393 1681 446 1740; x_wconf 92' lang='lat' dir='ltr'>filii</span> <span class='ocrx_word' id='word_1_118' title='bbox 468 1681 527 1738; x_wconf 88' lang='lat' dir='ltr'>sint</span> <span class='ocrx_word' id='word_1_119' title='bbox 541 1679 604 1740; x_wconf 88' lang='lat' dir='ltr'>Gal.</span> <span class='ocrx_word' id='word_1_120' title='bbox 621 1681 650 1752; x_wconf 87' lang='lat'>3,</span> <span class='ocrx_word' id='word_1_121' title='bbox 672 1678 726 1751; x_wconf 80' lang='lat'>263</span> <span class='ocrx_word' id='word_1_122' title='bbox 749 1696 784 1739; x_wconf 86' lang='lat' dir='ltr'>ea</span> <span class='ocrx_word' id='word_1_123' title='bbox 806 1681 881 1738; x_wconf 92' lang='lat' dir='ltr'>euim</span> <span class='ocrx_word' id='word_1_124' title='bbox 902 1695 975 1753; x_wconf 86' lang='lat' dir='ltr'>quae</span> <span class='ocrx_word' id='word_1_125' title='bbox 990 1698 1016 1741; x_wconf 85' lang='lat' dir='ltr'>v.</span> <span class='ocrx_word' id='word_1_126' title='bbox 1034 1680 1083 1741; x_wconf 79' lang='lat'>27.</span> <span class='ocrx_word' id='word_1_127' title='bbox 1106 1684 1264 1755; x_wconf 87' lang='lat' dir='ltr'>sequuntur</span> <span class='ocrx_word' id='word_1_128' title='bbox 1285 1679 1441 1739; x_wconf 89' lang='lat' dir='ltr'>secundum</span> 
     </span>
    </p>
   </div>
   <div class='ocr_carea' id='block_1_3' title="bbox 150 1776 1447 1864">
    <p class='ocr_par' dir='ltr' id='par_1_3' title="bbox 150 1776 1447 1864">
     <span class='ocr_line' id='line_1_14' title="bbox 150 1776 1447 1864; baseline -0.005 -14"><span class='ocrx_word' id='word_1_129' title='bbox 150 1832 157 1850; x_wconf 93' lang='lat'><strong>.</strong></span> <span class='ocrx_word' id='word_1_130' title='bbox 267 1789 432 1846; x_wconf 84' lang='lat' dir='ltr'>contextum</span> <span class='ocrx_word' id='word_1_131' title='bbox 458 1801 516 1844; x_wconf 89' lang='lat' dir='ltr'>nou</span> <span class='ocrx_word' id='word_1_132' title='bbox 549 1782 679 1841; x_wconf 88' lang='lat' dir='ltr'>iudicant</span> <span class='ocrx_word' id='word_1_133' title='bbox 709 1776 836 1864; x_wconf 79' lang='grc' dir='ltr'>υίότητα</span> <span class='ocrx_word' id='word_1_134' title='bbox 865 1781 1081 1842; x_wconf 85' lang='lat' dir='ltr'>fundamentum</span> <span class='ocrx_word' id='word_1_135' title='bbox 1106 1783 1216 1842; x_wconf 87' lang='lat' dir='ltr'>habere</span> <span class='ocrx_word' id='word_1_136' title='bbox 1242 1783 1273 1840; x_wconf 92' lang='lat' dir='ltr'>in</span> <span class='ocrx_word' id='word_1_137' title='bbox 1299 1781 1447 1843; x_wconf 88' lang='lat' dir='ltr'>infusione-</span> 
     </span>
    </p>
   </div>
   <div class='ocr_carea' id='block_1_4' title="bbox 218 1885 1507 3512">
    <p class='ocr_par' dir='ltr' id='par_1_4' title="bbox 218 1885 1507 3512">
     <span class='ocr_line' id='line_1_15' title="bbox 266 1885 1441 1966; baseline -0.003 -18"><span class='ocrx_word' id='word_1_138' title='bbox 266 1890 381 1948; x_wconf 85' lang='lat' dir='ltr'>virtutis</span> <span class='ocrx_word' id='word_1_139' title='bbox 404 1885 552 1959; x_wconf 88' lang='lat' dir='ltr'>cujusdam</span> <span class='ocrx_word' id='word_1_140' title='bbox 574 1885 702 1962; x_wconf 89' lang='lat' dir='ltr'>divinae,</span> <span class='ocrx_word' id='word_1_141' title='bbox 725 1885 853 1959; x_wconf 86' lang='lat' dir='ltr'>quamvis</span> <span class='ocrx_word' id='word_1_142' title='bbox 875 1886 1021 1966; x_wconf 82' lang='lat' dir='ltr'>videatur;</span> <span class='ocrx_word' id='word_1_143' title='bbox 1043 1887 1129 1945; x_wconf 92' lang='lat' dir='ltr'>immo</span> <span class='ocrx_word' id='word_1_144' title='bbox 1152 1903 1188 1945; x_wconf 87' lang='lat' dir='ltr'>ex</span> <span class='ocrx_word' id='word_1_145' title='bbox 1209 1887 1238 1961; x_wconf 87' lang='grc'>4,</span> <span class='ocrx_word' id='word_1_146' title='bbox 1262 1888 1280 1944; x_wconf 91' lang='grc'><strong>6</strong></span> <span class='ocrx_word' id='word_1_147' title='bbox 1303 1886 1441 1960; x_wconf 86' lang='lat' dir='ltr'>videmus,</span> 
     </span>
     <span class='ocr_line' id='line_1_16' title="bbox 218 1987 1441 2069; baseline -0.002 -19"><span class='ocrx_word' id='word_1_148' title='bbox 218 2061 221 2068; x_wconf 33' lang='grc' dir='ltr'>Ι</span> <span class='ocrx_word' id='word_1_149' title='bbox 269 1992 351 2068; x_wconf 89' lang='lat' dir='ltr'>prius</span> <span class='ocrx_word' id='word_1_150' title='bbox 374 1991 443 2065; x_wconf 92' lang='lat' dir='ltr'>(nou</span> <span class='ocrx_word' id='word_1_151' title='bbox 465 1989 541 2065; x_wconf 92' lang='lat' dir='ltr'>quod</span> <span class='ocrx_word' id='word_1_152' title='bbox 563 1988 600 2047; x_wconf 90' lang='lat' dir='ltr'>ad</span> <span class='ocrx_word' id='word_1_153' title='bbox 622 1994 747 2063; x_wconf 88' lang='lat' dir='ltr'>tempus,</span> <span class='ocrx_word' id='word_1_154' title='bbox 777 1988 829 2048; x_wconf 88' lang='lat' dir='ltr'>sed</span> <span class='ocrx_word' id='word_1_155' title='bbox 856 1989 932 2065; x_wconf 85' lang='lat' dir='ltr'>quod</span> <span class='ocrx_word' id='word_1_156' title='bbox 953 1989 992 2047; x_wconf 90' lang='lat' dir='ltr'>ad</span> <span class='ocrx_word' id='word_1_157' title='bbox 1022 1989 1151 2048; x_wconf 87' lang='lat' dir='ltr'>ordinem</span> <span class='ocrx_word' id='word_1_158' title='bbox 1177 1990 1302 2063; x_wconf 82' lang='lat' dir='ltr'>logicum</span> <span class='ocrx_word' id='word_1_159' title='bbox 1324 1987 1441 2069; x_wconf 86' lang='lat' dir='ltr'>attinet)</span> 
     </span>
     <span class='ocr_line' id='line_1_17' title="bbox 266 2089 1442 2171; baseline -0.003 -17"><span class='ocrx_word' id='word_1_160' title='bbox 266 2096 390 2171; x_wconf 86' lang='lat' dir='ltr'>aliquem</span> <span class='ocrx_word' id='word_1_161' title='bbox 412 2093 503 2152; x_wconf 90' lang='lat' dir='ltr'>filium</span> <span class='ocrx_word' id='word_1_162' title='bbox 529 2090 605 2163; x_wconf 89' lang='lat' dir='ltr'>fieri,</span> <span class='ocrx_word' id='word_1_163' title='bbox 632 2090 735 2151; x_wconf 87' lang='lat' dir='ltr'>deinde</span> <span class='ocrx_word' id='word_1_164' title='bbox 757 2089 896 2164; x_wconf 85' lang='lat' dir='ltr'>Spiritum</span> <span class='ocrx_word' id='word_1_165' title='bbox 919 2092 1056 2152; x_wconf 86' lang='lat' dir='ltr'>Sanctum</span> <span class='ocrx_word' id='word_1_166' title='bbox 1083 2093 1224 2168; x_wconf 87' lang='lat' dir='ltr'>accipere.</span> <span class='ocrx_word' id='word_1_167' title='bbox 1269 2092 1327 2152; x_wconf 82' lang='lat' dir='ltr'>Sed</span> <span class='ocrx_word' id='word_1_168' title='bbox 1353 2094 1442 2151; x_wconf 92' lang='lat' dir='ltr'>etiam</span> 
     </span>
     <span class='ocr_line' id='line_1_18' title="bbox 265 2189 1441 2276; baseline -0.003 -20"><span class='ocrx_word' id='word_1_169' title='bbox 265 2197 323 2256; x_wconf 89' lang='lat' dir='ltr'>alio</span> <span class='ocrx_word' id='word_1_170' title='bbox 345 2197 430 2256; x_wconf 90' lang='lat' dir='ltr'>modo</span> <span class='ocrx_word' id='word_1_171' title='bbox 453 2189 488 2256; x_wconf 84' lang='grc' dir='ltr'>τὸ</span> <span class='ocrx_word' id='word_1_172' title='bbox 504 2191 705 2276; x_wconf 54' lang='lat' dir='ltr'>denotabilem</span> <span class='ocrx_word' id='word_1_173' title='bbox 726 2194 978 2256; x_wconf 83' lang='lat' dir='ltr'>circumscribitur.</span> <span class='ocrx_word' id='word_1_174' title='bbox 1020 2196 1084 2256; x_wconf 89' lang='lat' dir='ltr'>Gal.</span> <span class='ocrx_word' id='word_1_175' title='bbox 1104 2195 1132 2269; x_wconf 83' lang='lat'>3,</span> <span class='ocrx_word' id='word_1_176' title='bbox 1157 2197 1194 2254; x_wconf 87' lang='lat'>13</span> <span class='ocrx_word' id='word_1_177' title='bbox 1218 2195 1294 2256; x_wconf 89' lang='lat' dir='ltr'>enim</span> <span class='ocrx_word' id='word_1_178' title='bbox 1319 2195 1441 2268; x_wconf 82' lang='lat' dir='ltr'>legitur:</span> 
     </span>
     <span class='ocr_line' id='line_1_19' title="bbox 265 2291 1442 2384; baseline -0.001 -22"><span class='ocrx_word' id='word_1_179' title='bbox 265 2294 348 2381; x_wconf 82' lang='grc' dir='ltr'>ἡμᾶς</span> <span class='ocrx_word' id='word_1_180' title='bbox 363 2292 545 2380; x_wconf 68' lang='grc' dir='ltr'>ἐξηγόρασεν</span> <span class='ocrx_word' id='word_1_181' title='bbox 560 2295 596 2359; x_wconf 79' lang='grc' dir='ltr'>ἐκ</span> <span class='ocrx_word' id='word_1_182' title='bbox 610 2297 666 2378; x_wconf 77' lang='grc' dir='ltr'>της</span> <span class='ocrx_word' id='word_1_183' title='bbox 680 2291 835 2378; x_wconf 86' lang='grc' dir='ltr'>κατάρας;</span> <span class='ocrx_word' id='word_1_184' title='bbox 857 2297 958 2357; x_wconf 89' lang='lat' dir='ltr'>codem</span> <span class='ocrx_word' id='word_1_185' title='bbox 979 2300 1073 2371; x_wconf 87' lang='lat' dir='ltr'>capite</span> <span class='ocrx_word' id='word_1_186' title='bbox 1091 2299 1127 2357; x_wconf 92' lang='lat' dir='ltr'>de</span> <span class='ocrx_word' id='word_1_187' title='bbox 1142 2298 1309 2372; x_wconf 85' lang='lat' dir='ltr'>accipienda</span> <span class='ocrx_word' id='word_1_188' title='bbox 1324 2293 1442 2384; x_wconf 85' lang='grc' dir='ltr'>εύλογίηι</span> 
     </span>
     <span class='ocr_line' id='line_1_20' title="bbox 266 2397 1440 2484; baseline -0.002 -22"><span class='ocrx_word' id='word_1_189' title='bbox 266 2409 297 2463; x_wconf 91' lang='lat' dir='ltr'>et</span> <span class='ocrx_word' id='word_1_190' title='bbox 319 2397 484 2484; x_wconf 77' lang='grc' dir='ltr'>ἐπαγγελίᾳ</span> <span class='ocrx_word' id='word_1_191' title='bbox 504 2401 594 2459; x_wconf 83' lang='lat' dir='ltr'>multa</span> <span class='ocrx_word' id='word_1_192' title='bbox 615 2399 763 2478; x_wconf 85' lang='lat' dir='ltr'>diountnr;</span> <span class='ocrx_word' id='word_1_193' title='bbox 789 2401 859 2459; x_wconf 90' lang='lat' dir='ltr'>item</span> <span class='ocrx_word' id='word_1_194' title='bbox 881 2398 1063 2482; x_wconf 79' lang='grc' dir='ltr'>κληρονομία</span> <span class='ocrx_word' id='word_1_195' title='bbox 1084 2401 1240 2462; x_wconf 88' lang='lat' dir='ltr'>adhibetur</span> <span class='ocrx_word' id='word_1_196' title='bbox 1262 2403 1290 2473; x_wconf 87' lang='lat'>3,</span> <span class='ocrx_word' id='word_1_197' title='bbox 1315 2404 1363 2460; x_wconf 89' lang='lat'>18.</span> <span class='ocrx_word' id='word_1_198' title='bbox 1386 2404 1440 2473; x_wconf 83' lang='lat'>293</span> 
     </span>
     <span class='ocr_line' id='line_1_21' title="bbox 266 2497 1441 2587; baseline 0.002 -21"><span class='ocrx_word' id='word_1_199' title='bbox 266 2507 295 2581; x_wconf 84' lang='lat'>4,</span> <span class='ocrx_word' id='word_1_200' title='bbox 319 2505 351 2578; x_wconf 78' lang='lat' dir='ltr'>t;</span> <span class='ocrx_word' id='word_1_201' title='bbox 377 2506 461 2566; x_wconf 90' lang='lat' dir='ltr'>Rom.</span> <span class='ocrx_word' id='word_1_202' title='bbox 481 2506 510 2578; x_wconf 89' lang='lat'>8,</span> <span class='ocrx_word' id='word_1_203' title='bbox 533 2504 571 2564; x_wconf 75' lang='lat'>17</span> <span class='ocrx_word' id='word_1_204' title='bbox 592 2508 623 2563; x_wconf 88' lang='lat' dir='ltr'>et</span> <span class='ocrx_word' id='word_1_205' title='bbox 644 2505 723 2563; x_wconf 89' lang='lat' dir='ltr'>Deus</span> <span class='ocrx_word' id='word_1_206' title='bbox 747 2502 851 2562; x_wconf 89' lang='lat' dir='ltr'>dicitur</span> <span class='ocrx_word' id='word_1_207' title='bbox 871 2497 914 2586; x_wconf 83' lang='grc' dir='ltr'>μὴ</span> <span class='ocrx_word' id='word_1_208' title='bbox 938 2498 1124 2585; x_wconf 82' lang='grc' dir='ltr'>λογιζόμενος</span> <span class='ocrx_word' id='word_1_209' title='bbox 1142 2499 1184 2567; x_wconf 86' lang='grc' dir='ltr'>τὰ</span> <span class='ocrx_word' id='word_1_210' title='bbox 1203 2500 1441 2587; x_wconf 80' lang='grc' dir='ltr'>παραπτώματα</span> 
     </span>
     <span class='ocr_line' id='line_1_22' title="bbox 265 2604 1440 2692; baseline -0.002 -22"><span class='ocrx_word' id='word_1_211' title='bbox 265 2610 304 2674; x_wconf 91' lang='grc' dir='ltr'>Π.</span> <span class='ocrx_word' id='word_1_212' title='bbox 327 2608 393 2669; x_wconf 85' lang='lat' dir='ltr'>Oor.</span> <span class='ocrx_word' id='word_1_213' title='bbox 416 2608 445 2680; x_wconf 85' lang='lat'>5,</span> <span class='ocrx_word' id='word_1_214' title='bbox 470 2608 518 2670; x_wconf 87' lang='grc'>19.</span> <span class='ocrx_word' id='word_1_215' title='bbox 531 2604 556 2683; x_wconf 74' lang='lat'>²)</span> <span class='ocrx_word' id='word_1_216' title='bbox 599 2608 665 2665; x_wconf 84' lang='lat' dir='ltr'>Non</span> <span class='ocrx_word' id='word_1_217' title='bbox 692 2606 800 2680; x_wconf 89' lang='lat' dir='ltr'>obstat,</span> <span class='ocrx_word' id='word_1_218' title='bbox 829 2606 906 2681; x_wconf 91' lang='lat' dir='ltr'>quod</span> <span class='ocrx_word' id='word_1_219' title='bbox 933 2607 955 2666; x_wconf 95' lang='lat' dir='ltr'>l.</span> <span class='ocrx_word' id='word_1_220' title='bbox 978 2607 1042 2667; x_wconf 80' lang='lat' dir='ltr'>Gor.</span> <span class='ocrx_word' id='word_1_221' title='bbox 1068 2608 1094 2682; x_wconf 94' lang='lat'>1,</span> <span class='ocrx_word' id='word_1_222' title='bbox 1118 2609 1158 2667; x_wconf 88' lang='grc'>30</span> <span class='ocrx_word' id='word_1_223' title='bbox 1181 2604 1353 2692; x_wconf 80' lang='grc' dir='ltr'>δικαιοσύνη</span> <span class='ocrx_word' id='word_1_224' title='bbox 1376 2627 1440 2668; x_wconf 89' lang='lat' dir='ltr'>con-</span> 
     </span>
     <span class='ocr_line' id='line_1_23' title="bbox 263 2703 1507 2794; baseline -0.001 -22"><span class='ocrx_word' id='word_1_225' title='bbox 263 2711 393 2787; x_wconf 74' lang='lat' dir='ltr'>iungitur</span> <span class='ocrx_word' id='word_1_226' title='bbox 410 2728 476 2773; x_wconf 89' lang='lat' dir='ltr'>oum</span> <span class='ocrx_word' id='word_1_227' title='bbox 490 2706 582 2794; x_wconf 84' lang='grc' dir='ltr'>σορίηι</span> <span class='ocrx_word' id='word_1_228' title='bbox 605 2715 635 2769; x_wconf 89' lang='lat' dir='ltr'>et</span> <span class='ocrx_word' id='word_1_229' title='bbox 657 2703 798 2793; x_wconf 84' lang='grc' dir='ltr'>ἁγιασμῷ</span> <span class='ocrx_word' id='word_1_230' title='bbox 819 2715 849 2768; x_wconf 89' lang='lat' dir='ltr'>et</span> <span class='ocrx_word' id='word_1_231' title='bbox 871 2704 1087 2791; x_wconf 84' lang='grc' dir='ltr'>ἀπολοτρύσει;</span> <span class='ocrx_word' id='word_1_232' title='bbox 1108 2709 1240 2772; x_wconf 85' lang='lat' dir='ltr'>diversae</span> <span class='ocrx_word' id='word_1_233' title='bbox 1254 2712 1296 2771; x_wconf 92' lang='lat' dir='ltr'>ibi</span> <span class='ocrx_word' id='word_1_234' title='bbox 1310 2714 1441 2771; x_wconf 89' lang='lat' dir='ltr'>notiones</span> <span class='ocrx_word' id='word_1_235' title='bbox 1495 2707 1507 2733; x_wconf 81' lang='lat'>⁸</span> 
     </span>
     <span class='ocr_line' id='line_1_24' title="bbox 267 2813 1441 2891; baseline -0.001 -18"><span class='ocrx_word' id='word_1_236' title='bbox 267 2815 398 2874; x_wconf 82' lang='lat' dir='ltr'>consulto</span> <span class='ocrx_word' id='word_1_237' title='bbox 417 2814 536 2887; x_wconf 85' lang='lat' dir='ltr'>junctae</span> <span class='ocrx_word' id='word_1_238' title='bbox 558 2818 641 2891; x_wconf 79' lang='lat' dir='ltr'>euut3</span> <span class='ocrx_word' id='word_1_239' title='bbox 664 2830 721 2872; x_wconf 89' lang='lat' dir='ltr'>nou</span> <span class='ocrx_word' id='word_1_240' title='bbox 741 2813 850 2886; x_wconf 86' lang='lat' dir='ltr'>obstat,</span> <span class='ocrx_word' id='word_1_241' title='bbox 874 2813 950 2887; x_wconf 93' lang='lat' dir='ltr'>quod</span> <span class='ocrx_word' id='word_1_242' title='bbox 965 2815 1003 2875; x_wconf 88' lang='grc' dir='ltr'>Π.</span> <span class='ocrx_word' id='word_1_243' title='bbox 1020 2813 1085 2874; x_wconf 86' lang='lat' dir='ltr'>Cor.</span> <span class='ocrx_word' id='word_1_244' title='bbox 1103 2816 1131 2889; x_wconf 85' lang='lat'>9,</span> <span class='ocrx_word' id='word_1_245' title='bbox 1154 2816 1172 2872; x_wconf 86' lang='lat'>9</span> <span class='ocrx_word' id='word_1_246' title='bbox 1188 2832 1225 2877; x_wconf 88' lang='lat' dir='ltr'>ss.</span> <span class='ocrx_word' id='word_1_247' title='bbox 1240 2815 1305 2874; x_wconf 90' lang='lat' dir='ltr'>loco</span> <span class='ocrx_word' id='word_1_248' title='bbox 1327 2815 1441 2874; x_wconf 84' lang='lat' dir='ltr'>Veteris</span> 
     </span>
     <span class='ocr_line' id='line_1_25' title="bbox 266 2913 1443 2999; baseline 0.003 -23"><span class='ocrx_word' id='word_1_249' title='bbox 266 2917 444 2977; x_wconf 79' lang='lat' dir='ltr'>Testamenti</span> <span class='ocrx_word' id='word_1_250' title='bbox 465 2916 555 2975; x_wconf 84' lang='lat' dir='ltr'>allato</span> <span class='ocrx_word' id='word_1_251' title='bbox 576 2915 671 2975; x_wconf 89' lang='lat' dir='ltr'>ethico</span> <span class='ocrx_word' id='word_1_252' title='bbox 692 2932 779 2974; x_wconf 88' lang='lat' dir='ltr'>sensu</span> <span class='ocrx_word' id='word_1_253' title='bbox 794 2915 959 2975; x_wconf 88' lang='lat' dir='ltr'>adhibetur:</span> <span class='ocrx_word' id='word_1_254' title='bbox 975 2932 1032 2976; x_wconf 91' lang='lat' dir='ltr'>non</span> <span class='ocrx_word' id='word_1_255' title='bbox 1047 2933 1124 2990; x_wconf 81' lang='lat' dir='ltr'>nego</span> <span class='ocrx_word' id='word_1_256' title='bbox 1140 2934 1240 2977; x_wconf 88' lang='lat' dir='ltr'>vocem</span> <span class='ocrx_word' id='word_1_257' title='bbox 1256 2913 1443 2999; x_wconf 80' lang='grc' dir='ltr'>δικαιοσύνης</span> 
     </span>
     <span class='ocr_line' id='line_1_26' title="bbox 266 3017 1441 3096; baseline 0.002 -17"><span class='ocrx_word' id='word_1_258' title='bbox 266 3021 402 3079; x_wconf 91' lang='lat' dir='ltr'>virtutem</span> <span class='ocrx_word' id='word_1_259' title='bbox 419 3020 465 3078; x_wconf 91' lang='lat' dir='ltr'>vel</span> <span class='ocrx_word' id='word_1_260' title='bbox 483 3019 653 3095; x_wconf 86' lang='lat' dir='ltr'>qualitatem</span> <span class='ocrx_word' id='word_1_261' title='bbox 669 3019 792 3078; x_wconf 86' lang='lat' dir='ltr'>ethicam</span> <span class='ocrx_word' id='word_1_262' title='bbox 810 3017 971 3092; x_wconf 86' lang='lat' dir='ltr'>siguificare</span> <span class='ocrx_word' id='word_1_263' title='bbox 987 3037 1084 3094; x_wconf 90' lang='lat' dir='ltr'>posse,</span> <span class='ocrx_word' id='word_1_264' title='bbox 1102 3019 1138 3079; x_wconf 82' lang='lat' dir='ltr'>ci.</span> <span class='ocrx_word' id='word_1_265' title='bbox 1154 3022 1242 3079; x_wconf 89' lang='lat' dir='ltr'>etiam</span> <span class='ocrx_word' id='word_1_266' title='bbox 1254 3022 1335 3082; x_wconf 83' lang='lat' dir='ltr'>Rom.</span> <span class='ocrx_word' id='word_1_267' title='bbox 1349 3023 1377 3096; x_wconf 89' lang='grc'>3,</span> <span class='ocrx_word' id='word_1_268' title='bbox 1391 3021 1441 3083; x_wconf 86' lang='lat'>25.</span> 
     </span>
     <span class='ocr_line' id='line_1_27' title="bbox 267 3117 1442 3204; baseline 0.001 -21"><span class='ocrx_word' id='word_1_269' title='bbox 267 3124 324 3194; x_wconf 85' lang='lat'>263</span> <span class='ocrx_word' id='word_1_270' title='bbox 342 3122 454 3184; x_wconf 84' lang='lat' dir='ltr'>H.Oor.</span> <span class='ocrx_word' id='word_1_271' title='bbox 467 3125 494 3197; x_wconf 90' lang='lat'>6,</span> <span class='ocrx_word' id='word_1_272' title='bbox 511 3122 608 3195; x_wconf 84' lang='grc' dir='ltr'>ν.14;</span> <span class='ocrx_word' id='word_1_273' title='bbox 626 3124 654 3196; x_wconf 86' lang='grc'>9,</span> <span class='ocrx_word' id='word_1_274' title='bbox 672 3123 726 3203; x_wconf 85' lang='grc'>10;</span> <span class='ocrx_word' id='word_1_275' title='bbox 743 3122 795 3182; x_wconf 86' lang='lat' dir='ltr'>sed</span> <span class='ocrx_word' id='word_1_276' title='bbox 810 3120 859 3180; x_wconf 90' lang='lat' dir='ltr'>ubi</span> <span class='ocrx_word' id='word_1_277' title='bbox 875 3122 910 3181; x_wconf 92' lang='lat' dir='ltr'>de</span> <span class='ocrx_word' id='word_1_278' title='bbox 926 3117 1100 3204; x_wconf 80' lang='grc' dir='ltr'>δικαιοσύνη</span> <span class='ocrx_word' id='word_1_279' title='bbox 1114 3124 1189 3188; x_wconf 56' lang='grc' dir='ltr'>ἳεοῦ</span> <span class='ocrx_word' id='word_1_280' title='bbox 1205 3124 1371 3198; x_wconf 88' lang='lat' dir='ltr'>disseratur,</span> <span class='ocrx_word' id='word_1_281' title='bbox 1390 3125 1442 3184; x_wconf 89' lang='lat' dir='ltr'>illo</span> 
     </span>
     <span class='ocr_line' id='line_1_28' title="bbox 266 3225 1442 3302; baseline 0.001 -17"><span class='ocrx_word' id='word_1_282' title='bbox 266 3242 352 3286; x_wconf 86' lang='lat' dir='ltr'>sensu</span> <span class='ocrx_word' id='word_1_283' title='bbox 374 3242 438 3286; x_wconf 85' lang='lat' dir='ltr'>eam</span> <span class='ocrx_word' id='word_1_284' title='bbox 458 3225 592 3286; x_wconf 87' lang='lat' dir='ltr'>adhiberi</span> <span class='ocrx_word' id='word_1_285' title='bbox 613 3243 698 3300; x_wconf 83' lang='lat' dir='ltr'>nego.</span> <span class='ocrx_word' id='word_1_286' title='bbox 742 3225 874 3300; x_wconf 91' lang='lat' dir='ltr'>Denique</span> <span class='ocrx_word' id='word_1_287' title='bbox 897 3226 1082 3287; x_wconf 82' lang='lat' dir='ltr'>conferantur</span> <span class='ocrx_word' id='word_1_288' title='bbox 1108 3229 1156 3302; x_wconf 90' lang='lat' dir='ltr'>qni</span> <span class='ocrx_word' id='word_1_289' title='bbox 1184 3229 1286 3286; x_wconf 89' lang='lat' dir='ltr'>sommi</span> <span class='ocrx_word' id='word_1_290' title='bbox 1307 3228 1442 3302; x_wconf 88' lang='lat' dir='ltr'>ponderis</span> 
     </span>
     <span class='ocr_line' id='line_1_29' title="bbox 266 3325 1441 3412; baseline -0.002 -23"><span class='ocrx_word' id='word_1_291' title='bbox 266 3333 335 3389; x_wconf 89' lang='lat' dir='ltr'>sunt</span> <span class='ocrx_word' id='word_1_292' title='bbox 356 3330 414 3389; x_wconf 91' lang='lat' dir='ltr'>loci</span> <span class='ocrx_word' id='word_1_293' title='bbox 435 3329 536 3405; x_wconf 90' lang='lat' dir='ltr'>quibus</span> <span class='ocrx_word' id='word_1_294' title='bbox 558 3329 732 3412; x_wconf 40' lang='lat' dir='ltr'>vocabulum,</span> <span class='ocrx_word' id='word_1_295' title='bbox 744 3325 918 3410; x_wconf 71' lang='grc' dir='ltr'>λογίζεσῖιαι</span> <span class='ocrx_word' id='word_1_296' title='bbox 933 3326 959 3404; x_wconf 82' lang='lat'>³)</span> <span class='ocrx_word' id='word_1_297' title='bbox 974 3329 1087 3403; x_wconf 82' lang='lat' dir='ltr'>legitur.</span> <span class='ocrx_word' id='word_1_298' title='bbox 1121 3329 1152 3389; x_wconf 81' lang='lat' dir='ltr'>Si</span> <span class='ocrx_word' id='word_1_299' title='bbox 1167 3325 1337 3412; x_wconf 88' lang='grc' dir='ltr'>δικαιοσύνη</span> <span class='ocrx_word' id='word_1_300' title='bbox 1352 3332 1441 3389; x_wconf 88' lang='lat' dir='ltr'>virtus</span> 
     </span>
     <span class='ocr_line' id='line_1_30' title="bbox 267 3432 1441 3512; baseline 0.002 -20"><span class='ocrx_word' id='word_1_301' title='bbox 267 3435 353 3506; x_wconf 87' lang='lat' dir='ltr'>esset,</span> <span class='ocrx_word' id='word_1_302' title='bbox 373 3434 448 3492; x_wconf 86' lang='lat' dir='ltr'>male</span> <span class='ocrx_word' id='word_1_303' title='bbox 471 3434 616 3508; x_wconf 89' lang='lat' dir='ltr'>apostolus</span> <span class='ocrx_word' id='word_1_304' title='bbox 638 3433 749 3492; x_wconf 88' lang='lat' dir='ltr'>loeutus</span> <span class='ocrx_word' id='word_1_305' title='bbox 772 3437 856 3493; x_wconf 85' lang='lat' dir='ltr'>esset.</span> <span class='ocrx_word' id='word_1_306' title='bbox 893 3432 991 3493; x_wconf 89' lang='lat' dir='ltr'>Primo</span> <span class='ocrx_word' id='word_1_307' title='bbox 1015 3434 1091 3492; x_wconf 89' lang='lat' dir='ltr'>euim</span> <span class='ocrx_word' id='word_1_308' title='bbox 1108 3434 1177 3492; x_wconf 91' lang='lat' dir='ltr'>dicit</span> <span class='ocrx_word' id='word_1_309' title='bbox 1192 3434 1297 3493; x_wconf 91' lang='lat' dir='ltr'>Paulus</span> <span class='ocrx_word' id='word_1_310' title='bbox 1312 3435 1395 3494; x_wconf 89' lang='lat' dir='ltr'>Rom.</span> <span class='ocrx_word' id='word_1_311' title='bbox 1411 3436 1441 3512; x_wconf 81' lang='lat'>4,</span> 
     </span>
    </p>
   </div>
   <div class='ocr_carea' id='block_1_5' title="bbox 267 3529 1441 3619">
    <p class='ocr_par' dir='ltr' id='par_1_5' title="bbox 267 3529 1441 3619">
     <span class='ocr_line' id='line_1_31' title="bbox 267 3529 1441 3619; baseline 0.003 -24"><span class='ocrx_word' id='word_1_312' title='bbox 267 3537 296 3596; x_wconf 85' lang='lat'>3.</span> <span class='ocrx_word' id='word_1_313' title='bbox 320 3536 370 3598; x_wconf 88' lang='lat'>22.</span> <span class='ocrx_word' id='word_1_314' title='bbox 393 3535 421 3598; x_wconf 83' lang='lat'>5.</span> <span class='ocrx_word' id='word_1_315' title='bbox 445 3539 463 3595; x_wconf 84' lang='lat'>9</span> <span class='ocrx_word' id='word_1_316' title='bbox 495 3533 669 3618; x_wconf 66' lang='grc' dir='ltr'>λογίζεσὶιαι</span> <span class='ocrx_word' id='word_1_317' title='bbox 694 3529 748 3618; x_wconf 76' lang='grc' dir='ltr'>τὴν</span> <span class='ocrx_word' id='word_1_318' title='bbox 774 3531 873 3597; x_wconf 87' lang='grc' dir='ltr'>πίστιν</span> <span class='ocrx_word' id='word_1_319' title='bbox 896 3531 943 3609; x_wconf 82' lang='grc' dir='ltr'>ἐἰς</span> <span class='ocrx_word' id='word_1_320' title='bbox 972 3532 1166 3619; x_wconf 87' lang='grc' dir='ltr'>δικαιοσύνην.</span> <span class='ocrx_word' id='word_1_321' title='bbox 1212 3537 1242 3596; x_wconf 91' lang='lat' dir='ltr'>Si</span> <span class='ocrx_word' id='word_1_322' title='bbox 1272 3532 1441 3619; x_wconf 84' lang='grc' dir='ltr'>δικαιοσύνη</span> 
     </span>
    </p>
   </div>
   <div class='ocr_carea' id='block_1_6' title="bbox 267 3675 471 3688">
    <p class='ocr_par' dir='ltr' id='par_1_6' title="bbox 267 3675 471 3688">
     <span class='ocr_line' id='line_1_32' title="bbox 267 3675 471 3688; baseline -0.005 -1"><span class='ocrx_word' id='word_1_323' title='bbox 267 3675 471 3688; x_wconf 61' lang='lat' dir='ltr'>u*-</span> 
     </span>
    </p>
   </div>
   <div class='ocr_carea' id='block_1_7' title="bbox 266 3752 1443 4436">
    <p class='ocr_par' dir='ltr' id='par_1_7' title="bbox 266 3752 1443 4436">
     <span class='ocr_line' id='line_1_33' title="bbox 269 3752 1443 3828; baseline -0.001 -16"><span class='ocrx_word' id='word_1_324' title='bbox 269 3790 271 3794; x_wconf 92' lang='lat'><em>-</em></span> <span class='ocrx_word' id='word_1_325' title='bbox 354 3757 374 3828; x_wconf 90' lang='lat'>¹)</span> <span class='ocrx_word' id='word_1_326' title='bbox 396 3757 437 3814; x_wconf 82' lang='lat' dir='ltr'>ef.</span> <span class='ocrx_word' id='word_1_327' title='bbox 456 3756 539 3811; x_wconf 86' lang='lat' dir='ltr'>etiam</span> <span class='ocrx_word' id='word_1_328' title='bbox 562 3755 616 3810; x_wconf 83' lang='lat' dir='ltr'>alia</span> <span class='ocrx_word' id='word_1_329' title='bbox 633 3757 716 3810; x_wconf 87' lang='lat' dir='ltr'>verba</span> <span class='ocrx_word' id='word_1_330' title='bbox 735 3753 881 3826; x_wconf 80' lang='grc' dir='ltr'>δικαιοσύνῃ</span> <span class='ocrx_word' id='word_1_331' title='bbox 902 3755 1040 3825; x_wconf 87' lang='lat' dir='ltr'>opposita,</span> <span class='ocrx_word' id='word_1_332' title='bbox 1064 3755 1139 3809; x_wconf 88' lang='lat' dir='ltr'>velut</span> <span class='ocrx_word' id='word_1_333' title='bbox 1161 3752 1222 3824; x_wconf 84' lang='grc' dir='ltr'>ὀργὴ</span> <span class='ocrx_word' id='word_1_334' title='bbox 1244 3759 1304 3811; x_wconf 61' lang='grc' dir='ltr'>θεοῦ</span> <span class='ocrx_word' id='word_1_335' title='bbox 1322 3755 1397 3810; x_wconf 89' lang='lat' dir='ltr'>Rom.</span> <span class='ocrx_word' id='word_1_336' title='bbox 1418 3758 1443 3825; x_wconf 93' lang='lat' dir='ltr'>l,</span> 
     </span>
     <span class='ocr_line' id='line_1_34' title="bbox 267 3837 1442 3916; baseline -0.003 -15"><span class='ocrx_word' id='word_1_337' title='bbox 267 3847 301 3901; x_wconf 90' lang='lat'>18</span> <span class='ocrx_word' id='word_1_338' title='bbox 318 3861 382 3916; x_wconf 86' lang='lat' dir='ltr'>opp.</span> <span class='ocrx_word' id='word_1_339' title='bbox 401 3844 442 3911; x_wconf 88' lang='grc'>17,</span> <span class='ocrx_word' id='word_1_340' title='bbox 460 3843 540 3912; x_wconf 67' lang='grc' dir='ltr'>ίγδρα</span> <span class='ocrx_word' id='word_1_341' title='bbox 556 3844 616 3898; x_wconf 60' lang='grc' dir='ltr'>θεοῦ</span> <span class='ocrx_word' id='word_1_342' title='bbox 633 3841 709 3896; x_wconf 88' lang='lat' dir='ltr'>Rom.</span> <span class='ocrx_word' id='word_1_343' title='bbox 726 3842 751 3910; x_wconf 85' lang='lat'>5,</span> <span class='ocrx_word' id='word_1_344' title='bbox 770 3842 803 3897; x_wconf 90' lang='lat'>10</span> <span class='ocrx_word' id='word_1_345' title='bbox 821 3841 852 3895; x_wconf 83' lang='lat' dir='ltr'>cs.</span> <span class='ocrx_word' id='word_1_346' title='bbox 876 3840 905 3909; x_wconf 90' lang='grc'>8,</span> <span class='ocrx_word' id='word_1_347' title='bbox 923 3841 939 3894; x_wconf 83' lang='lat'><strong>7</strong></span> <span class='ocrx_word' id='word_1_348' title='bbox 945 3860 952 3910; x_wconf 80' lang='lat'><em>3</em></span> <span class='ocrx_word' id='word_1_349' title='bbox 970 3837 1130 3909; x_wconf 80' lang='grc' dir='ltr'>ύστεροῦνται</span> <span class='ocrx_word' id='word_1_350' title='bbox 1152 3843 1198 3904; x_wconf 69' lang='grc' dir='ltr'>τός</span> <span class='ocrx_word' id='word_1_351' title='bbox 1222 3841 1299 3910; x_wconf 77' lang='grc' dir='ltr'>δόξης</span> <span class='ocrx_word' id='word_1_352' title='bbox 1320 3846 1363 3896; x_wconf 86' lang='grc' dir='ltr'>τοῦ</span> <span class='ocrx_word' id='word_1_353' title='bbox 1381 3847 1442 3898; x_wconf 61' lang='grc' dir='ltr'>θεοῦ</span> 
     </span>
     <span class='ocr_line' id='line_1_35' title="bbox 266 3926 1441 4001; baseline -0.005 -12"><span class='ocrx_word' id='word_1_354' title='bbox 266 3934 344 3990; x_wconf 87' lang='lat' dir='ltr'>Rem.</span> <span class='ocrx_word' id='word_1_355' title='bbox 355 3931 381 4001; x_wconf 83' lang='lat'>3,</span> <span class='ocrx_word' id='word_1_356' title='bbox 394 3930 434 3985; x_wconf 82' lang='lat'>23.</span> <span class='ocrx_word' id='word_1_357' title='bbox 444 3958 478 3970; x_wconf 92' lang='lat'><em>-</em></span> <span class='ocrx_word' id='word_1_358' title='bbox 495 3927 517 3996; x_wconf 75' lang='lat'>²)</span> <span class='ocrx_word' id='word_1_359' title='bbox 527 3927 660 3984; x_wconf 87' lang='lat' dir='ltr'>Addenda</span> <span class='ocrx_word' id='word_1_360' title='bbox 672 3929 754 3983; x_wconf 89' lang='lat' dir='ltr'>etiam</span> <span class='ocrx_word' id='word_1_361' title='bbox 766 3933 829 3983; x_wconf 89' lang='lat' dir='ltr'>sunt</span> <span class='ocrx_word' id='word_1_362' title='bbox 847 3942 917 3996; x_wconf 85' lang='lat' dir='ltr'>quae</span> <span class='ocrx_word' id='word_1_363' title='bbox 930 3926 963 3982; x_wconf 90' lang='lat' dir='ltr'>de</span> <span class='ocrx_word' id='word_1_364' title='bbox 975 3943 1042 3996; x_wconf 87' lang='lat' dir='ltr'>pace</span> <span class='ocrx_word' id='word_1_365' title='bbox 1056 3927 1122 3982; x_wconf 87' lang='lat' dir='ltr'>dicit</span> <span class='ocrx_word' id='word_1_366' title='bbox 1132 3931 1160 3982; x_wconf 93' lang='lat' dir='ltr'>et</span> <span class='ocrx_word' id='word_1_367' title='bbox 1171 3928 1205 3982; x_wconf 87' lang='lat' dir='ltr'>de</span> <span class='ocrx_word' id='word_1_368' title='bbox 1218 3928 1293 3982; x_wconf 88' lang='lat' dir='ltr'>aditu</span> <span class='ocrx_word' id='word_1_369' title='bbox 1305 3929 1350 3996; x_wconf 90' lang='lat' dir='ltr'>qui</span> <span class='ocrx_word' id='word_1_370' title='bbox 1361 3929 1441 3983; x_wconf 92' lang='lat' dir='ltr'>nobis</span> 
     </span>
     <span class='ocr_line' id='line_1_36' title="bbox 267 4013 1441 4084; baseline -0.003 -11"><span class='ocrx_word' id='word_1_371' title='bbox 267 4019 304 4074; x_wconf 85' lang='lat' dir='ltr'>sit</span> <span class='ocrx_word' id='word_1_372' title='bbox 320 4016 355 4072; x_wconf 74' lang='lat' dir='ltr'>ed</span> <span class='ocrx_word' id='word_1_373' title='bbox 372 4017 460 4073; x_wconf 79' lang='lat' dir='ltr'>Deum</span> <span class='ocrx_word' id='word_1_374' title='bbox 478 4016 555 4072; x_wconf 86' lang='lat' dir='ltr'>Rom.</span> <span class='ocrx_word' id='word_1_375' title='bbox 573 4014 602 4084; x_wconf 81' lang='lat'>5,</span> <span class='ocrx_word' id='word_1_376' title='bbox 621 4016 643 4070; x_wconf 94' lang='lat' dir='ltr'>l.</span> <span class='ocrx_word' id='word_1_377' title='bbox 664 4018 679 4069; x_wconf 85' lang='lat'><strong>2</strong></span> <span class='ocrx_word' id='word_1_378' title='bbox 698 4014 731 4069; x_wconf 79' lang='lat' dir='ltr'>cf.</span> <span class='ocrx_word' id='word_1_379' title='bbox 751 4015 778 4082; x_wconf 91' lang='lat'>1,</span> <span class='ocrx_word' id='word_1_380' title='bbox 797 4015 821 4082; x_wconf 87' lang='grc'>7,</span> <span class='ocrx_word' id='word_1_381' title='bbox 840 4018 867 4069; x_wconf 85' lang='lat' dir='ltr'>et</span> <span class='ocrx_word' id='word_1_382' title='bbox 885 4013 918 4068; x_wconf 91' lang='lat' dir='ltr'>de</span> <span class='ocrx_word' id='word_1_383' title='bbox 937 4014 1050 4068; x_wconf 81' lang='lat' dir='ltr'>absente</span> <span class='ocrx_word' id='word_1_384' title='bbox 1069 4017 1237 4083; x_wconf 65' lang='lat' dir='ltr'>annominaret</span> <span class='ocrx_word' id='word_1_385' title='bbox 1255 4017 1284 4084; x_wconf 89' lang='lat'>8,</span> <span class='ocrx_word' id='word_1_386' title='bbox 1303 4015 1331 4082; x_wconf 91' lang='lat'>1,</span> <span class='ocrx_word' id='word_1_387' title='bbox 1356 4021 1383 4068; x_wconf 89' lang='lat' dir='ltr'>et</span> <span class='ocrx_word' id='word_1_388' title='bbox 1406 4015 1441 4070; x_wconf 88' lang='lat' dir='ltr'>de</span> 
     </span>
     <span class='ocr_line' id='line_1_37' title="bbox 266 4099 1441 4171; baseline -0.005 -11"><span class='ocrx_word' id='word_1_389' title='bbox 266 4102 487 4162; x_wconf 82' lang='lat' dir='ltr'>reconciliatione</span> <span class='ocrx_word' id='word_1_390' title='bbox 505 4103 583 4159; x_wconf 89' lang='lat' dir='ltr'>Rom.</span> <span class='ocrx_word' id='word_1_391' title='bbox 601 4101 632 4167; x_wconf 82' lang='lat'>5,</span> <span class='ocrx_word' id='word_1_392' title='bbox 656 4101 688 4156; x_wconf 91' lang='grc'>10</span> <span class='ocrx_word' id='word_1_393' title='bbox 706 4099 739 4155; x_wconf 83' lang='lat' dir='ltr'>ef.</span> <span class='ocrx_word' id='word_1_394' title='bbox 758 4101 775 4154; x_wconf 88' lang='grc'><strong>9</strong></span> <span class='ocrx_word' id='word_1_395' title='bbox 793 4101 975 4163; x_wconf 62' lang='grc' dir='ltr'>δικαιωόίντες.</span> <span class='ocrx_word' id='word_1_396' title='bbox 1011 4099 1084 4156; x_wconf 83' lang='lat' dir='ltr'>Nota</span> <span class='ocrx_word' id='word_1_397' title='bbox 1101 4102 1196 4169; x_wconf 88' lang='lat' dir='ltr'>etiam,</span> <span class='ocrx_word' id='word_1_398' title='bbox 1220 4103 1293 4171; x_wconf 90' lang='lat' dir='ltr'>quod</span> <span class='ocrx_word' id='word_1_399' title='bbox 1315 4102 1392 4156; x_wconf 89' lang='lat' dir='ltr'>Rom.</span> <span class='ocrx_word' id='word_1_400' title='bbox 1415 4102 1441 4170; x_wconf 80' lang='lat'>5,</span> 
     </span>
     <span class='ocr_line' id='line_1_38' title="bbox 268 4181 1441 4260; baseline -0.004 -13"><span class='ocrx_word' id='word_1_401' title='bbox 268 4193 301 4247; x_wconf 87' lang='lat' dir='ltr'>1a</span> <span class='ocrx_word' id='word_1_402' title='bbox 318 4193 434 4260; x_wconf 75' lang='lat' dir='ltr'>negatur</span> <span class='ocrx_word' id='word_1_403' title='bbox 451 4186 576 4258; x_wconf 72' lang='grc' dir='ltr'>ἁμαρτίαν</span> <span class='ocrx_word' id='word_1_404' title='bbox 593 4188 757 4258; x_wconf 56' lang='lat' dir='ltr'>dilapidatio</span> <span class='ocrx_word' id='word_1_405' title='bbox 775 4185 811 4255; x_wconf 82' lang='grc' dir='ltr'>μὴ</span> <span class='ocrx_word' id='word_1_406' title='bbox 829 4181 898 4249; x_wconf 79' lang='grc' dir='ltr'>ὄντος</span> <span class='ocrx_word' id='word_1_407' title='bbox 915 4186 1005 4256; x_wconf 85' lang='grc' dir='ltr'>νόμοι,</span> <span class='ocrx_word' id='word_1_408' title='bbox 1023 4202 1082 4242; x_wconf 82' lang='lat' dir='ltr'>eam</span> <span class='ocrx_word' id='word_1_409' title='bbox 1104 4203 1167 4242; x_wconf 88' lang='lat' dir='ltr'>vero</span> <span class='ocrx_word' id='word_1_410' title='bbox 1187 4203 1246 4243; x_wconf 87' lang='lat' dir='ltr'>esse</span> <span class='ocrx_word' id='word_1_411' title='bbox 1274 4194 1301 4243; x_wconf 86' lang='lat' dir='ltr'>et</span> <span class='ocrx_word' id='word_1_412' title='bbox 1327 4192 1441 4242; x_wconf 70' lang='lat' dir='ltr'>monem</span> 
     </span>
     <span class='ocr_line' id='line_1_39' title="bbox 268 4271 1441 4347; baseline -0.003 -14"><span class='ocrx_word' id='word_1_413' title='bbox 268 4295 327 4334; x_wconf 89' lang='lat' dir='ltr'>eam</span> <span class='ocrx_word' id='word_1_414' title='bbox 340 4277 417 4347; x_wconf 85' lang='lat' dir='ltr'>sequi</span> <span class='ocrx_word' id='word_1_415' title='bbox 428 4281 519 4331; x_wconf 84' lang='lat' dir='ltr'>tamen</span> <span class='ocrx_word' id='word_1_416' title='bbox 536 4276 696 4331; x_wconf 80' lang='lat' dir='ltr'>affirmatur.</span> <span class='ocrx_word' id='word_1_417' title='bbox 707 4303 738 4314; x_wconf 91' lang='lat'>-</span> <span class='ocrx_word' id='word_1_418' title='bbox 753 4271 773 4343; x_wconf 86' lang='lat'>³)</span> <span class='ocrx_word' id='word_1_419' title='bbox 792 4273 851 4327; x_wconf 85' lang='lat' dir='ltr'>Hac</span> <span class='ocrx_word' id='word_1_420' title='bbox 863 4273 938 4342; x_wconf 84' lang='lat' dir='ltr'>ipsae</span> <span class='ocrx_word' id='word_1_421' title='bbox 957 4275 1167 4342; x_wconf 86' lang='lat' dir='ltr'>propositiones,</span> <span class='ocrx_word' id='word_1_422' title='bbox 1186 4272 1283 4342; x_wconf 87' lang='lat' dir='ltr'>quibus</span> <span class='ocrx_word' id='word_1_423' title='bbox 1296 4275 1441 4344; x_wconf 61' lang='grc' dir='ltr'>λογίζεσθαι</span> 
     </span>
     <span class='ocr_line' id='line_1_40' title="bbox 267 4358 1441 4436; baseline -0.001 -14"><span class='ocrx_word' id='word_1_424' title='bbox 267 4363 413 4424; x_wconf 82' lang='lat' dir='ltr'>adhibetur</span> <span class='ocrx_word' id='word_1_425' title='bbox 443 4363 472 4422; x_wconf 92' lang='lat' dir='ltr'>in</span> <span class='ocrx_word' id='word_1_426' title='bbox 497 4360 678 4423; x_wconf 81' lang='lat' dir='ltr'>describenda</span> <span class='ocrx_word' id='word_1_427' title='bbox 708 4359 874 4432; x_wconf 74' lang='lat' dir='ltr'>cingulorum</span> <span class='ocrx_word' id='word_1_428' title='bbox 900 4360 1038 4418; x_wconf 80' lang='lat' dir='ltr'>hominum</span> <span class='ocrx_word' id='word_1_429' title='bbox 1065 4359 1132 4432; x_wconf 89' lang='lat' dir='ltr'>tide,</span> <span class='ocrx_word' id='word_1_430' title='bbox 1159 4358 1293 4436; x_wconf 84' lang='lat' dir='ltr'>indicant,</span> <span class='ocrx_word' id='word_1_431' title='bbox 1325 4361 1441 4421; x_wconf 83' lang='lat' dir='ltr'>Paulum</span> 
     </span>
    </p>
   </div>
   <div class='ocr_carea' id='block_1_8' title="bbox 0 0 1588 4990">
    <p class='ocr_par' dir='ltr' id='par_1_8' title="bbox 0 0 1588 4990">
     <span class='ocr_line' id='line_1_41' title="bbox 0 0 1588 4990; baseline 0 0"><span class='ocrx_word' id='word_1_432' title='bbox 0 0 1588 4990; x_wconf 95' lang='lat' dir='ltr'> </span> 
     </span>
    </p>
   </div>
  </div>
 </body>
</html>
