3160 4990
1 753 3 810 l

616 362 829 422 ..55-

137 533 282 594 abhorret.
330 532 409 604 Quae
433 533 508 589 enim
534 532 581 606 11,
608 532 622 589 1
648 529 733 608 datur
756 529 883 589 definitio
907 531 1057 588 notissima
1072 529 1158 607 (quae
1180 529 1310 589 definitio

137 653 191 695 non
215 639 272 711 est)
294 635 455 693 illustratur
477 650 523 706 eo,
546 633 621 706 quod
645 635 673 705 3,
699 634 737 692 14
769 634 904 706 legimus:
938 634 1094 708 participes
1124 650 1174 691 nos
1204 633 1311 692 Christi

138 737 228 797 factos
252 756 315 798 esse
339 754 384 810 ec,
408 736 483 812 quod
506 731 561 818 τὴν
584 730 678 818 ἀρχὴν
692 736 748 819 τῆς
762 729 954 810 ὑποστάσεως
969 734 1056 818 μέχρι
1069 733 1172 809 τέλους
1186 733 1311 815 βεβαίαν

135 836 354 922 κατάσχωμεν,
386 845 474 915 atque
498 857 523 902 v.
544 841 599 914 18,
629 841 736 910 nemini
750 840 842 899 Deum
868 839 993 914 jurando
1015 840 1153 899 minatum
1187 856 1249 898 esse
1276 831 1311 900 τὸ

139 939 180 1026 μὴ
215 939 438 1007 εἰσελεόσεσίλαι
464 991 470 1004 .
495 991 501 1004 .
526 945 581 1003 nisi
614 947 677 1016 τοῖς
714 936 927 1024 ἀπειὶιήσασιν,
957 941 994 1004 es.
1023 959 1049 1005 ν,
1083 943 1120 999 19
1159 937 1210 1003 διὰ
1245 935 1311 1004 άπι-

138 1044 232 1109 στίαν.
277 1047 384 1120 Quodsi
411 1043 510 1120 πίστις
529 1047 580 1106 illa
606 1039 770 1120 ὑπόστασις
786 1051 830 1106 est
852 1047 914 1122 (11,
939 1048 978 1123 1),
1005 1046 1092 1104 babet
1114 1045 1185 1105 fides
1208 1039 1311 1128 ἀρχήν,

140 1167 225 1224 qnam
248 1156 363 1224 oportet
385 1147 472 1232 μέχρι
500 1147 604 1222 τελονς
630 1153 797 1230 κατασχεῖν
819 1149 855 1209 cf.
878 1150 907 1222 4,
933 1150 987 1221 143
1012 1151 1059 1225 10,
1083 1148 1132 1206 35.
1171 1141 1314 1208 Ἀντιστία

140 1259 183 1314 est
210 1247 394 1335 ἁμαρτάνειν
416 1272 442 1316 ν.
468 1253 525 1328 17,
542 1247 679 1316 creabas
698 1253 733 1314 ci.
757 1253 785 1327 4,
811 1255 864 1332 11,
895 1253 982 1326 igitur
1010 1247 1110 1324 πίστις
1131 1249 1314 1332 oboedientia

139 1358 169 1429 5,
192 1359 225 1427 9;
251 1357 297 1430 11,
321 1357 348 1414 8.
397 1357 540 1415 Debemus
570 1356 655 1416 fidem
686 1362 785 1416 tenere
816 1371 905 1429 usque
937 1355 976 1414 ad
1003 1354 1100 1414 finem:
1141 1355 1171 1412 in
1201 1355 1315 1414 actione

140 1459 224 1532 fidei,
250 1459 368 1518 tenendi
393 1460 503 1518 scilieet
530 1453 694 1521 ὑπόστασιν
721 1465 750 1518 et
777 1457 961 1530 oboediendi,
993 1461 1111 1530 oportet
1136 1473 1314 1530 permanare.

142 1564 188 1622 Ex
211 1579 295 1622 versu
314 1564 361 1622 12.
379 1564 577 1636 intelligimur,
594 1580 644 1622 cor
658 1563 780 1622 bominis
796 1564 901 1622 malum
917 1577 979 1621 esse
994 1561 1114 1634 propter
1130 1553 1272 1622 ἀπιστίαν
1286 1557 1316 1622 όν

143 1665 187 1750 τῷ
209 1659 376 1747 ἀποστῆναι
398 1659 457 1727 άπὸ
480 1664 554 1729 beot
570 1665 690 1741 ζῶντος,
707 1664 813 1724 bonum
827 1665 915 1738 igitur
930 1668 1050 1738 propter
1070 1661 1169 1742 fidem;
1192 1655 1316 1726 ἀπιστία

144 1774 189 1828 est
209 1767 333 1828 deficere
356 1769 451 1827 aDeo
467 1769 530 1827 vivo
547 1774 575 1827 et
597 1786 679 1846 vero,
704 1768 739 1828 cf.
765 1770 811 1841 10,
835 1769 863 1827 2.
886 1768 926 1826 38
941 1785 973 1839 s,
996 1772 1040 1826 est
1055 1767 1129 1841 (cap.
1154 1768 1186 1841 6)
1207 1767 1317 1826 crimen

143 1875 240 1931 laesae
262 1873 435 1944 majestatis,
458 1867 557 1945 πίστις
580 1874 728 1931 conversio
751 1871 791 1931 ad
810 1871 903 1930 Deum
924 1887 1023 1930 verum
1046 1869 1082 1928 cf.
1100 1870 1148 1942 11,
1165 1871 1193 1929 6.
1239 1867 1318 1928 Nihil

144 1975 264 2050 prodest
276 1968 291 2036 ό
306 1969 394 2056 λόγος
408 1976 464 2057 τῆς
478 1969 574 2056 ἀκοῆς
588 1977 642 2034 nisi
657 1972 895 2057 σνγκεκραμόνος
906 1973 946 2054 τῇ
956 1968 1054 2034 πίστει
1066 1977 1129 2046 τοῖς
1141 1967 1317 2035 άκοὺσασινι

147 2075 245 2152 πίστις
268 2083 311 2138 est
332 2079 446 2138 interna
468 2079 565 2152 aliqua
596 2097 657 2152 res,
690 2095 850 2153 quaecum
874 2076 963 2136 verbo
990 2075 1076 2136 debet
1098 2079 1179 2150 qnasi
1204 2077 1319 2137 commi-

145 2184 235 2256 sceri,
254 2187 286 2240 ut
297 2181 458 2240 bominibus
474 2183 579 2254 prosit:
598 2181 739 2255 uidemus,
764 2200 799 2240 ex
814 2187 909 2240 mente
923 2182 984 2254 eius
996 2181 1044 2254 qni
1057 2180 1207 2254 epistolam
1230 2180 1320 2254 scrip-

146 2287 229 2360 serit,
245 2285 387 2344 actionem
402 2285 555 2344 humanam
569 2285 650 2343 verbi
665 2283 826 2344 assumendi
841 2283 927 2343 fidem
942 2283 1038 2343 fuisse.
1082 2283 1154 2342 Fide
1169 2299 1239 2343 uero
1253 2299 1320 2357 par·

146 2390 254 2462 ticipes
277 2387 381 2446 Christi
404 2387 476 2446 fiunt
496 2389 625 2446 homines
652 2387 750 2447 fideles
773 2389 801 2461 3,
827 2389 865 2446 14
893 2385 929 2447 cf.
952 2387 981 2459 4,
1005 2388 1037 2457 33
1068 2387 1115 2459 10,
1138 2387 1191 2464 38,
1221 2388 1268 2460 11,
1291 2387 1320 2446 4.

148 2497 211 2554 da.
235 2491 262 2550 7.
306 2491 442 2564 Accedit,
470 2489 546 2565 quod
575 2491 671 2564 gratia
700 2491 755 2550 Dei
784 2492 853 2574 satis
885 2495 1015 2564 urgetur,
1041 2487 1078 2549 ci.
1100 2491 1128 2564 4,
1154 2491 1216 2563 16.,
1245 2490 1321 2564 qnod

147 2595 212 2652 finis
227 2594 298 2668 legis
313 2593 417 2668 ubique
433 2594 463 2652 in
479 2594 602 2668 epistola
618 2593 801 2667 describitur,
818 2591 853 2656 os.
871 2594 897 2667 2,
914 2594 933 2653 2
949 2610 996 2672 ια,
1012 2593 1040 2666 7,
1059 2594 1096 2652 16
1112 2610 1159 2665 ss.;
1174 2594 1225 2666 10,
1242 2595 1258 2652 l
1275 2594 1322 2667 at,

152 2697 224 2769 quod
254 2697 377 2771 deniqne
409 2697 524 2768 objecta
553 2697 622 2756 fidei
654 2697 830 2756 christianae
860 2697 1090 2770 praeclarissime
1113 2695 1323 2770 describuntur,

152 2817 243 2873 neque
258 2800 314 2859 boc
334 2799 448 2874 quidem
464 2800 629 2876 negligitur,
646 2817 680 2859 ea
695 2816 767 2872 quae
784 2800 939 2860 credantur
959 2800 1093 2874 opposita
1115 2799 1322 2874 quodammodo

152 2919 214 2961 esse
229 2904 263 2962 iis
278 2920 352 2976 quae
368 2908 521 2962 cernantur
536 2909 564 2962 et
580 2906 717 2977 sciantur,
743 2904 789 2978 11,
805 2904 831 2962 1.
847 2904 875 2964 7.
892 2905 921 2966 8.
946 2904 993 2976 13,
1016 2902 1051 2962 cs.
1074 2920 1162 2978 supra
1183 2920 1247 2980 pag.
1272 2903 1322 2967 37.

235 3007 336 3080 Itaque
358 3023 415 3079 res,
443 3008 467 3065 si
490 3007 613 3066 notionis
635 3005 702 3066 fidei
726 3004 924 3068 definitionem
950 3007 1126 3080 respicimus,
1149 3007 1225 3082 apud
1247 3009 1324 3067 huna

152 3115 299 3169 auctorem
312 3111 411 3168 eadem
427 3115 568 3183 astatque
582 3109 658 3184 apud
668 3111 798 3170 Paulum.
829 3109 886 3170 Sed
900 3109 1035 3170 differunt
1047 3111 1223 3183 aliquantum
1234 3113 1323 3185 scrip·

151 3217 230 3272 tores
240 3214 271 3269 in
283 3213 409 3284 ejusdem
424 3216 467 3272 rei
482 3213 690 3273 describendae
705 3213 798 3274 modo.
844 3213 930 3272 Certe
951 3215 1026 3272 enim
1041 3213 1142 3274 eadam
1164 3231 1211 3273 res
1233 3214 1325 3274 diver·

152 3317 191 3374 sis
207 3315 298 3374 modis
315 3318 389 3376 solet
404 3317 539 3377 describi:
571 3317 669 3391 quidni
685 3315 769 3390 fides,
793 3333 840 3376 res
851 3317 1023 3390 gravissima
1035 3321 1065 3375 et
1079 3316 1221 3377 maxima?
1251 3318 1324 3378 Pan·

152 3426 211 3483 lum
223 3437 257 3479 eo
270 3420 389 3480 vidimus
401 3421 554 3480 adductum
569 3421 664 3494 fuisse,
678 3427 710 3480 ut
724 3419 810 3481 fidem
825 3425 986 3494 opponeret
1001 3421 1136 3496 operibus
1151 3422 1234 3495 legis,
1250 3423 1325 3482 unde

152 3523 312 3596 propositio
334 3524 396 3594 eius
418 3523 582 3599 principalis
613 3523 678 3597 fuit,
707 3524 791 3583 fidem
814 3540 870 3583 non
893 3539 956 3583 esse
986 3540 1057 3598 opus
1079 3525 1164 3602 legis,
1190 3524 1242 3585 sed
1263 3539 1326 3585 eam

153 3624 276 3683 bominis
291 3627 445 3703 actionem,
462 3643 518 3700 qua
531 3627 587 3686 Dei
601 3628 697 3702 gratia
712 3627 814 3686 divinis
831 3627 938 3686 viribus
953 3627 1015 3686 sola
1037 3632 1067 3686 et
1082 3632 1144 3687 tota
1158 3629 1326 3703 accipiatur.

154 3727 182 3787 Is
198 3745 278 3801 vero,
294 3730 342 3802 qui
357 3729 508 3803 epistolam
523 3731 560 3789 ad
575 3730 723 3790 Hebraeos
738 3731 867 3804 scripsit,
882 3731 950 3803 quia
966 3747 1030 3789 cum
1045 3731 1205 3790 christianis
1227 3732 1326 3792 laban·

157 3832 232 3891 tibus
256 3834 303 3906 qni
334 3839 415 3892 erant
446 3849 482 3892 ex
509 3833 624 3893 Iudaeis
654 3836 681 3892 ei
706 3850 753 3894 res
770 3839 846 3906 erat,
865 3833 1088 3908 primoquidem
1104 3834 1327 3907 magnitudinem

156 3952 255 3994 earum
284 3954 380 3995 rerum
414 3935 553 4011 celebrat,
584 3954 653 4010 quas
685 3935 743 3998 fide
769 3937 913 4010 accipiant
943 3936 1102 4010 christiani,
1125 3937 1199 3997 unde
1222 3939 1327 4009 evenit,

155 4043 188 4095 ut
212 4044 241 4096 et
264 4031 425 4120 ὁμολογίαν
447 4040 483 4100 ci.
508 4041 536 4117 3,
562 4041 576 4098 1
612 4047 641 4099 et
675 4041 866 4113 cognitionem
893 4039 1109 4115 doctrinamque
1137 4038 1173 4099 cf.
1201 4042 1228 4112 6,
1257 4041 1327 4098 lss.

149 4142 208 4215 10,
233 4142 286 4221 263
312 4143 358 4215 11,
383 4146 401 4200 6
425 4137 498 4223 (ὅτι)
527 4149 641 4217 urgeat,
669 4144 840 4216 praesertim
867 4159 936 4202 vcro
963 4140 1162 4202 certitudinem
1191 4143 1327 4229 postulet,

158 4244 199 4302 ita
220 4251 252 4303 ut
282 4261 339 4303 non
370 4242 455 4305 fidem
484 4247 573 4305 solum
603 4246 734 4306 babere
763 4236 963 4328 πληροφορίαν
996 4245 1072 4304 dicat
1104 4247 1151 4320 10,
1183 4246 1245 4319 22,
1275 4244 1326 4304 sed

157 4343 249 4421 ipsam
271 4343 432 4412 ὑπόστασιν
455 4354 484 4407 et
499 4343 622 4430 ἔλεγχον
637 4366 713 4408 esse
729 4350 876 4410 describat
892 4350 939 4423 ll,
958 4350 996 4423 1.,
1010 4354 1161 4423 postquam
1179 4350 1226 4424 10,
1243 4348 1284 4406 33
1299 4365 1327 4412 ε.
