3160 4990
197 1141 297 1243 Quum
308 1183 442 1256 permulti
451 1181 511 1254 jam
524 1187 552 1240 et
563 1180 718 1241 doctissimi
735 1181 788 1240 viri
799 1181 834 1241 de
846 1178 915 1241 fidei
929 1180 1045 1241 notione
1061 1181 1150 1240 libros
1166 1182 1293 1240 conscri-

114 1283 265 1361 pserint1),
280 1301 383 1343 vereor
396 1301 432 1342 ne
448 1284 633 1343 immodestus
647 1284 748 1343 videar
766 1283 860 1344 denuo
875 1285 911 1343 de
929 1284 983 1343 hac
996 1286 1111 1344 notione
1126 1273 1292 1358 scripturus.

115 1390 223 1447 Tamen
238 1405 295 1446 nou
307 1387 389 1462 potui
401 1388 466 1460 quin
482 1388 556 1446 banc
567 1388 636 1446 mihi
648 1388 787 1460 eligerem
799 1389 957 1461 materiem,
975 1389 1117 1462 quietam
1132 1405 1189 1447 non
1204 1388 1294 1462 negli-

116 1492 212 1564 genda
228 1508 310 1564 quam
335 1508 352 1548 a
374 1491 471 1550 multis
494 1491 627 1564 neglecta
641 1490 710 1549 mihi
725 1491 886 1550 videbatur.
925 1491 1116 1563 Quamobrem
1135 1492 1295 1566 perquisivi
1370 1550 1372 1554 .

115 1595 200 1654 Pauli
222 1595 348 1668 apostoli
370 1595 516 1670 epistolas,
543 1598 576 1652 ut
598 1595 658 1666 eJus
680 1594 717 1652 de
739 1593 796 1653 fide
819 1596 944 1668 cogitata
966 1612 1051 1668 quam
1078 1595 1294 1653 accuratissime

114 1699 304 1772 perciperem,
320 1696 453 1770 quoniam
468 1695 554 1754 fidem
570 1699 646 1756 inter
661 1698 792 1756 notiones
807 1699 982 1772 principales
994 1698 1130 1757 Paulines
1145 1713 1208 1756 esse
1224 1699 1294 1755 satis

113 1806 213 1860 uotum
238 1804 291 1859 est.
334 1799 402 1860 Non
424 1801 562 1873 ignoravi,
584 1800 672 1859 etiam
695 1800 730 1858 de
752 1801 807 1858 bac
828 1817 861 1858 re
883 1802 988 1860 multas
1008 1801 1069 1872 jam
1091 1801 1213 1860 inveniri
1236 1799 1296 1858 dis-

114 1905 305 1978 ceptationes.
354 1901 430 1961 Satis
458 1908 501 1960 est
528 1919 765 1975 commemorare,
794 1920 893 1962 omncs
921 1903 1128 1964 reformatores
1154 1904 1294 1963 ecclesiae
1346 1903 1349 1908 ’

115 2009 169 2065 niti
192 2008 310 2065 notione
333 2005 401 2065 fidei
416 2006 553 2078 Paulina3
574 2007 643 2064 satis
659 2012 703 2064 est
718 2006 878 2080 adjungere
894 2003 1095 2082 Neandram,
1124 2002 1295 2079 Ustera'am,

116 2105 156 2170 F.
185 2105 218 2174 C.
241 2105 417 2170 Boterdum.
453 2108 510 2168 Sed
533 2109 613 2168 notio
635 2109 704 2168 fidei
726 2112 818 2169 instar
840 2111 928 2170 fontis
950 2117 1010 2170 tam
1031 2110 1167 2186 profundi
1189 2116 1242 2186 est,
1264 2115 1297 2169 ut

117 2231 172 2285 ego
194 2229 307 2287 quoque
330 2211 452 2272 tortasse
475 2229 511 2271 ex
534 2229 569 2270 eo
592 2212 770 2287 aliquantum
786 2214 939 2274 exhaurire
960 2216 1175 2289 possimusque
1195 2215 1296 2272 timeu-

119 2315 185 2373 dum
208 2317 279 2374 mibi
301 2318 338 2375 sit
360 2332 396 2375 ne
418 2317 594 2378 exhauriam.
630 2316 726 2390 Atque
749 2318 817 2392 quid
832 2318 937 2396 obstat,
960 2320 1110 2392 quominus
1126 2323 1194 2376 nota
1209 2319 1296 2376 etism

119 2418 225 2492 diuque
248 2418 325 2478 dicta
346 2437 444 2480 rursus
468 2420 613 2496 dicautur,
645 2437 681 2478 ne
709 2421 784 2481 forte
807 2422 1030 2482 obliviscamur?
1068 2422 1205 2481 Ordinem
1227 2437 1296 2480 vero

118 2523 327 2581 dissertationis
350 2524 391 2582 ita
413 2524 602 2598 instituemus,
629 2529 660 2582 ut
682 2527 830 2598 prooemio
852 2525 1021 2585 brevissimo
1044 2525 1244 2596 antecedente,
1268 2524 1297 2582 iu

118 2643 174 2700 quo
204 2626 239 2684 de
266 2629 325 2684 vita
351 2627 434 2685 Pauli
461 2645 553 2700 pauca
582 2629 726 2701 dicentur,
757 2629 870 2701 singula
896 2629 1083 2702 epistolarum
1110 2629 1296 2686 Paulinarum

117 2746 225 2802 genera
247 2734 279 2788 ut
300 2727 369 2789 fidei
392 2733 452 2803 ejus
475 2733 554 2790 notio
569 2728 595 2809 2)
621 2736 814 2803 cognoscatur
834 2733 1045 2805 perquiramus.

206 2950 226 3016 ¹)
246 2951 360 3006 Omissis
383 2950 508 3004 omnibus
531 2949 577 3016 qui
603 2948 711 3002 omnino
736 2948 769 3002 de
792 2951 948 3017 dogmatica
971 2950 1068 3019 scripti
1091 2955 1154 3004 suut
1176 2949 1300 3018 inprimis
1325 3004 1327 3009 .

124 3045 163 3096 ex.
177 3038 329 3092 novissimis
352 3043 416 3090 noio
434 3038 468 3090 D.
487 3035 597 3086 Salutat
613 3033 702 3102 (1834)
725 3041 753 3088 et
770 3036 889 3086 detlr‘tn'i
910 3036 1003 3104 (1859,·
1030 3036 1062 3090 cf.
1086 3035 1204 3086 Deutscbe
1224 3036 1301 3085 Jair-

120 3125 207 3174 dulciter
224 3135 240 3177 t.
254 3125 313 3188 IV.)
334 3125 367 3177 tle
385 3121 438 3175 fide
458 3121 550 3189 libros,
569 3127 650 3189 atque
665 3122 770 3173 marulii
785 3122 945 3188 Erlcnyersr's
961 3125 1072 3190 „Sy-stem
1091 3123 1134 3172 der
1151 3123 1301 3172 christlichea

123 3209 283 3274 Gewissleir‘t
307 3209 353 3276 qui
375 3209 495 3276 quamvis
518 3209 552 3261 de
570 3207 622 3261 tide
644 3223 699 3261 non
717 3207 832 3263 disserte
850 3225 933 3276 agere
951 3209 1083 3276 videatur,
1105 3215 1198 3262 tamen
1215 3206 1301 3260 multa

121 3295 202 3350 affert
213 3296 248 3350 ad
260 3293 465 3363 intelligendam
477 3292 566 3362 fidem,
584 3293 699 3361 (lenique
713 3295 820 3345 Dorucrt‘
834 3293 943 3362 „Sy-stem
956 3296 998 3344 der
1010 3295 1159 3345 cbristlt'cbea
1174 3293 1302 3344 Glaubcns-

123 3382 203 3431 lel1·e“
225 3389 288 3435 tom.
307 3381 327 3450 l,
346 3397 372 3449 p.
391 3380 500 3434 1-172.
518 3411 551 3420 —
571 3377 594 3447 ρ)
617 3380 785 3450 Quamquam
812 3385 920 3434 constat
941 3380 985 3449 (ef.
1013 3381 1104 3445 Ueteri,
1132 3380 1204 3434 Paul.
1226 3381 1303 3430 Leir-

121 3469 207 3532 bepriff
226 3467 304 3533 1834,
324 3487 350 3534 p.
370 3465 416 3533 93)
447 3466 631 3521 definitionem
653 3467 681 3520 in
704 3467 826 3536 epistolis
849 3466 969 3520 Paulinis
991 3482 1045 3520 non
1068 3466 1189 3535 inveniri,
1211 3473 1304 3520 tamen

121 3551 221 3618 injuria
239 3571 294 3607 non
310 3553 379 3607 nulli
396 3553 516 3621 theologi
528 3553 641 3606 Paulum
660 3552 815 3606 distinctam
833 3553 896 3607 fidei
908 3552 1043 3606 notionem
1053 3552 1161 3605 omnino
1175 3551 1304 3607 babuisse

122 3643 232 3704 negant.
268 3639 340 3693 Miro
358 3640 437 3694 modo
457 3640 575 3693 diversas
598 3639 721 3693 notiones
744 3638 817 3707 apud
837 3655 898 3693 eum
921 3639 1097 3706 investigatas
1116 3638 1303 3706 conglutinare

123 3722 220 3798 solent.
257 3725 331 3793 Opus
349 3733 390 3779 est
408 3733 471 3780 ante
490 3725 579 3778 omnia
597 3741 682 3792 genus
701 3726 854 3794 proximum
873 3725 1044 3793 investigare,
1063 3725 1106 3777 cui
1124 3723 1205 3778 fidem
1217 3723 1304 3777 tribu-

124 3809 187 3876 erit,
215 3808 285 3878 quod
304 3813 412 3878 quidem
434 3812 456 3866 si
479 3813 606 3865 invenero
631 3811 698 3865 satis
721 3810 818 3864 iecisse
843 3809 908 3864 mibi
931 3810 1051 3865 videbor.
1088 3809 1129 3864 De
1147 3809 1304 3863 notionibus

124 3893 246 3948 Paulinis
278 3895 311 3949 ei.
336 3897 430 3948 Frictiae'
459 3898 509 3951 viri
532 3897 681 3952 doctissimi
708 3896 742 3951 de
771 3897 830 3951 Gal.
852 3896 882 3966 3,
904 3897 1006 3949 15-25
1040 3896 1303 3964 commentationem,

125 3981 200 4050 1879,
219 3998 244 4050 p.
262 3982 285 4036 6.
1088 3991 1090 3999 “

179 4509 205 4550 G.
219 4508 449 4562 seunsdermnnn,
469 4511 501 4550 De
514 4509 563 4550 tidsl
576 4511 662 4550 notione
676 4509 774 4550 Paulus.
