3160 4990
621 353 833 414 ..27..

139 527 260 588 lustitia
282 532 325 585 est
345 526 570 592 rectaduarum
592 525 716 598 partium
737 525 813 583 inter
836 540 866 582 se
894 523 1009 584 relatio.
1052 521 1130 582 Deus
1160 538 1228 584 vero
1254 537 1318 587 nou.

142 636 223 690 recte
246 647 317 702 erga
338 630 466 688 homines
489 645 575 701 agere
597 643 655 685 uon
676 631 772 701 potest
793 627 875 686 Rom.
891 628 919 698 3,
944 629 977 704 6;
1000 626 1035 685 de
1057 626 1114 686 Dei
1135 627 1222 701 igitur
1243 639 1313 700 erga

141 733 271 792 homines
298 737 378 792 recta
409 732 551 791 relatione
581 730 637 794 dici
666 746 724 788 non
753 732 857 804 potest.
906 729 988 802 Quod
1018 745 1086 788 vero
1118 729 1155 788 ad
1184 729 1313 788 homiues

142 837 259 911 attinet,
283 852 346 894 eam
370 852 455 910 quam
477 832 584 893 debent
606 831 714 891 habere
737 833 794 892 suis
818 834 975 892 amiserunt
996 832 1133 908 peccatis.
1166 830 1313 904 Quomodo

140 936 375 1014 recuperabunt?
426 936 572 997 Conantur
602 935 683 994 multi
713 936 841 1012 ipsorum
871 935 991 1009 viribus,
1019 935 1071 994 sed
1097 951 1154 995 nou
1178 939 1313 1013 possunt;

142 1042 263 1114 formam
309 1039 450 1114 quandam
496 1038 693 1098 tantummodo
742 1039 796 1097 sibi
837 1043 954 1113 parant,
1002 1037 1117 1112 falsam,
1159 1039 1313 1112 propriam.

141 1146 233 1204 Nemo
254 1148 352 1218 potest
373 1149 477 1203 statum
498 1144 577 1202 illum
601 1142 733 1200 amissum
757 1128 912 1218 restituere
934 1142 988 1200 nisi
1003 1141 1080 1201 Deus
1103 1142 1165 1216 ipsc
1188 1140 1313 1215 peccatis

116 1242 266 1307 'remissis
300 1264 352 1306 sua
384 1248 484 1322 gratia.
528 1245 577 1305 Sin
604 1246 682 1304 Deus
714 1249 825 1303 rectam
858 1245 1027 1305 relationem
1060 1244 1119 1304 vult
1151 1245 1313 1316 restituere,

141 1351 239 1409 statim
261 1351 400 1422 restituit,
428 1350 495 1424 quia
521 1349 597 1409 solus
624 1352 680 1420 est,
710 1348 758 1422 qui
779 1349 934 1412 restituere
955 1352 1060 1421 potest.
1105 1346 1189 1408 Unde
1212 1346 1256 1420 fit,
1282 1353 1315 1406 ut

143 1447 312 1535 δικαιοσύνη
333 1451 407 1516 tect
430 1453 532 1512 eadem
553 1453 591 1510 sit
613 1456 699 1526 atque
719 1451 832 1525 justitia
853 1455 975 1526 rcraget
995 1451 1067 1512 sola.
1081 1449 1104 1525 1)

227 1557 335 1630 Quodsi
356 1559 417 1630 jam
446 1556 579 1628 diximus,
605 1557 698 1615 Deum
725 1572 781 1614 non
806 1571 890 1630 posse
919 1570 976 1614 non
1005 1553 1111 1612 bonum
1133 1558 1163 1612 et
1184 1557 1315 1612 sanctum

144 1677 216 1734 esse,
239 1665 333 1720 tamen
356 1660 474 1734 accidit,
498 1665 529 1718 ut
551 1660 679 1719 homines
700 1659 838 1731 injustum
865 1673 930 1717 eum
955 1655 1111 1729 affirment,
1142 1661 1244 1716 contra
1267 1657 1314 1728 jus

142 1766 253 1824 scilicet
276 1770 305 1822 et
326 1764 404 1838 leges
426 1764 536 1822 divinas
559 1779 624 1822 eum
645 1759 748 1822 iecisse
770 1763 829 1820 sive
852 1754 955 1822 ἄδικον
970 1777 1032 1819 esse
1047 1761 1129 1820 Rom.
1145 1762 1174 1835 3,
1196 1760 1214 1818 5
1232 1759 1314 1818 dicti·
1421 1822 1428 1838 ,

143 1873 246 1928 tontes.
281 1867 354 1925 Tum
377 1865 504 1940 quamvis
523 1883 575 1940 per
590 1881 621 1924 se
636 1866 761 1937 injustus
776 1881 834 1923 non
848 1865 896 1936 sit,
920 1868 1016 1922 tamen
1031 1880 1129 1924 coram
1153 1863 1315 1923 homiuibus

139 1973 263 2044 inJustus
287 1974 343 2043 est,
374 1975 407 2027 ut
443 1985 513 2044 opus
537 1969 586 2042 sit,
619 1985 682 2027 eum
704 1966 1008 2049 acroceraunium.
1032 1969 1064 2041 3,
1091 1968 1111 2028 4
1138 1967 1174 2026 cf.
1201 1969 1229 2041 9,
1263 1967 1315 2048 143

142 2076 170 2148 3,
194 2074 243 2134 25.
261 2075 311 2148 26,
333 2089 391 2133 nou
414 2077 492 2134 certe
515 2072 662 2131 homiuum
683 2072 787 2146 gratia,
812 2071 863 2130 sed
881 2071 971 2146 ipsius
985 2070 1133 2146 operibus,
1154 2070 1316 2131 hominibus

141 2180 238 2236 autem
260 2174 466 2260 judicantibus,
495 2175 587 2233 Deum
608 2191 640 2233 re
662 2191 733 2234 vcra
755 2179 884 2234 sanctum
907 2179 938 2234 et
963 2174 1068 2234 bouum
1095 2167 1212 2257 (ἀληὰἠ
1234 2176 1316 2235 Rom.

143 2281 171 2352 3,
194 2279 227 2355 4)
251 2295 323 2338 esse.
369 2279 451 2350 Quod
473 2277 521 2337 ubi
547 2278 760 2352 judicaverunt,
793 2279 876 2352 quasi
903 2279 1012 2351 justum
1040 2295 1105 2338 euru
1126 2277 1317 2338 reddiderunt

142 2379 191 2456 (of.
220 2383 302 2440 Rom.
331 2383 362 2454 3,
392 2382 436 2459 5),
473 2386 601 2441 sanctum
633 2398 698 2440 eum
727 2381 914 2440 declaration
969 2381 1035 2442 Non
1065 2381 1152 2454 igitur
1177 2381 1316 2453 jndicium

138 2484 298 2558 Justificans
330 2502 444 2560 semper
474 2501 539 2544 eum
573 2486 706 2560 respicit,
738 2486 787 2557 qui
812 2485 892 2556 leges
919 2484 1037 2544 violavit
1064 2489 1093 2544 et
1120 2501 1152 2543 re
1178 2466 1252 2548 vera,
1270 2486 1316 2556 jus

141 2589 238 2663 laesit,
261 2587 313 2646 sed
335 2605 399 2648 eum
415 2589 516 2661 etiam,
539 2590 588 2664 qui
603 2589 720 2648 laesisse
735 2587 858 2659 videtur,
882 2588 950 2659 quin
965 2603 1042 2660 eum,
1065 2587 1112 2660 qui
1128 2602 1183 2645 non
1198 2587 1317 2646 laesisse

79 2711 89 2734 τ
143 2690 235 2751 denuo
251 2691 414 2750 declaratur
430 2692 466 2750 ab
482 2691 689 2751 admirantibus
701 2689 852 2763 judicibus.
890 2681 931 2748 Ut
952 2706 1021 2749 vero
1043 2691 1131 2750 etiam
1152 2691 1253 2752 melius
1275 2691 1317 2749 in·

142 2794 297 2868 telligatur,
321 2789 508 2877 taratonlano
529 2794 623 2869 primo
646 2794 710 2852 loco
738 2809 798 2852 non
827 2809 890 2852 esse
917 2791 1060 2867 habitum,
1087 2793 1138 2852 sed
1160 2798 1265 2853 statum
1287 2798 1318 2852 et

142 2897 325 2971 relationem,
356 2914 426 2974 opus
455 2902 554 2958 estut
579 2899 610 2954 in
631 2898 797 2955 memoriam
818 2901 978 2972 revocetur,
1005 2896 1046 2977 τῇ
1068 2890 1239 2976 δικαιοσύνῃ
1261 2913 1317 2956 non

142 3001 233 3060 solum
249 2992 375 3080 ἀνομίαν
388 3002 424 3060 ΙΙ.
437 2998 501 3073 Gor,
518 3002 545 3073 6,
563 3000 601 3058 14
617 2999 664 3058 vel
679 2992 797 3061 ἀδικίαν
811 3002 927 3074 oppam,
943 2999 994 3058 sed
1008 3000 1102 3074 potius
1119 2993 1271 3081 ἁμαρτίαν
1283 2997 1317 3074 ²),

143 3098 417 3185 &septimoautem
442 3120 499 3162 non
523 3104 553 3161 in
580 3103 694 3162 homine
721 3104 814 3162 solum
841 3103 961 3162 inveniri
974 3100 1009 3178 8),
1036 3103 1086 3164 sed
1111 3104 1206 3176 potius
1234 3109 1317 3172 extra

230 3237 249 3306 ¹)
269 3237 309 3292 Of.
327 3239 426 3307 Datne,
450 3239 467 3292 1,
486 3253 509 3293 c.
529 3254 555 3306 p.
574 3237 614 3292 77.
651 3237 717 3291 Cum
735 3237 832 3306 Lapsa,
859 3237 878 3292 l.
897 3253 919 3291 c.
938 3253 964 3306 p.
984 3236 1017 3290 16
1035 3251 1069 3290 ss.
1089 3237 1241 3291 consentire
1264 3253 1317 3290 non

144 3339 267 3395 possum,
294 3325 395 3394 quippe
421 3324 467 3392 qui
493 3324 622 3380 δικαίωσιν
650 3327 677 3377 et
700 3324 805 3392 justum
832 3322 973 3378 declarare
998 3322 1137 3390 (reddere)
1164 3329 1192 3379 ct
1213 3323 1317 3391 justum

144 3411 252 3466 efficere
264 3410 374 3478 (bonum
385 3410 510 3480 reddere)
524 3410 596 3465 dicat
609 3425 677 3465 esse.
690 3441 723 3448 -
737 3407 757 3476 Ω)
776 3399 927 3464 Discrimen
943 3410 1015 3464 inter
1033 3407 1133 3466 ἀδικίαν
1152 3415 1179 3464 et
1192 3406 1316 3478 ἁμαρτίαν

144 3495 315 3552 intercedens
328 3498 396 3552 bene
408 3497 569 3566 intelligitur
581 3497 658 3551 Rom.
673 3497 696 3564 6,
716 3497 761 3552 13:
782 3495 849 3564 μηδὲ
867 3493 1030 3564 παριστάνετε
1041 3495 1074 3551 τὰ
1091 3499 1153 3565 μέλη
1171 3493 1240 3564 ὑμῶν
1252 3491 1317 3550 ὅπλα

143 3581 244 3645 ἀδικίας
253 3583 375 3651 (habitus
384 3583 534 3652 subjectivi)
544 3587 577 3654 τῇ
588 3579 706 3655 ἁμαρτίᾳ,
716 3579 778 3637 ἀλλὰ
786 3585 822 3654 τῷ
830 3585 925 3652 ἁεῷ.-
932 3580 960 3649 3)(
968 3585 1086 3651 ,ἁμαρτία
1095 3583 1195 3651 optime
1205 3581 1317 3651 opponi·

143 3677 189 3725 tur
201 3672 233 3739 τῇ
247 3669 401 3740 δικαιοσύνῃ.
420 3670 491 3724 Nam
503 3670 585 3724 etiam
602 3670 629 3724 in
647 3666 759 3741 ἁμαρτίᾳ
777 3668 879 3737 duplex
897 3668 1000 3737 aliquid
1014 3668 1122 3724 videtur
1139 3669 1236 3722 inesse.
1266 3669 1318 3722 Est

144 3757 215 3811 enim
223 3752 335 3825 ἁμαρτία
350 3757 502 3824 Versellunp,
520 3756 607 3824 primo
626 3756 735 3824 quidem
753 3755 821 3809 recti
838 3771 902 3822 erga
915 3756 1004 3809 Deum
1019 3754 1091 3810 modi
1109 3753 1317 3823 agendi,deinde

145 3844 226 3898 etiam
235 3848 327 3897 rectae
338 3857 401 3910 erga
410 3843 498 3896 Deum
508 3840 685 3908 condicionis;
698 3840 769 3896 unde
779 3841 903 3909 potentia
912 3840 1044 3908 quaedam
1054 3840 1108 3896 dici
1116 3844 1212 3910 potest
1226 3856 1316 3907 quam·

144 3931 184 3985 vis
195 3929 266 3984 enim
278 3945 332 3983 non
343 3944 393 3998 per
405 3943 434 3982 se
446 3927 583 3996 subsistat,
596 3933 687 3982 tamen
698 3929 858 3982 relationem
870 3943 900 3981 re
912 3944 984 3995 vera,
997 3944 1051 3982 non
1064 3926 1211 3982 secundum
1222 3926 1316 3980 huma·

144 4031 195 4072 nas
214 4016 390 4084 cogitationes
408 4015 509 4082 solum,
531 4014 627 4068 falsam
650 4014 796 4082 siguificat,
820 4014 855 4068 cf.
873 4014 951 4068 Rom.
969 4014 993 4083 5,
1013 4015 1045 4068 12
1063 4029 1112 4080 ss,
1134 4014 1159 4082 3,
1177 4013 1206 4078 9;
1229 4013 1252 4078 7,
1271 4013 1316 4067 14:

144 4099 262 4171 σαρκινύς
279 4102 343 4168 τίμι,
361 4101 520 4168 πεπραμένος
537 4097 588 4155 ὑπο
600 4099 644 4168 τὴν
657 4097 790 4169 ἁμαρτίαν.
826 4100 891 4154 Cum
905 4116 985 4155 carne
999 4100 1165 4168 singulorum
1177 4099 1315 4154 hominum

146 4188 291 4257 conjuncta
309 4191 351 4241 est
369 4183 494 4255 ἁμαρτία;
516 4190 608 4240 tamen
627 4187 708 4240 etiam
727 4186 861 4255 obJectiva
879 4186 1010 4254 quaedam
1029 4187 1151 4242 condicio
1170 4193 1219 4241 est.
1251 4188 1316 4241 Am·

146 4274 197 4328 boe
215 4278 308 4342 partes
325 4273 444 4327 notionis
462 4269 588 4342 ἁμαρτίας
610 4287 738 4342 oxymora
762 4272 924 4344 conjunctae
947 4279 1009 4330 sunt
1026 4273 1060 4327 ΙΙ.
1079 4273 1139 4329 (lor.
1157 4272 1182 4342 ὅ,
1200 4273 1240 4328 21.
1275 4271 1315 4328 Of.

147 4359 259 4429 Halatcn,
277 4361 294 4414 l.
312 4379 331 4410 ο.
346 4379 372 4429 ρ.
393 4358 443 4410 319
455 4379 479 4430 a.
613 4361 616 4366 '
