3160 4990
731 359 943 422 ,54-

253 526 419 601 veritatem,
446 531 479 586 ut
505 543 540 586 ex
568 543 622 588 sna
646 529 775 604 ipsorum
797 531 944 590 voluntate
967 531 1091 590 scientes
1113 530 1180 590 fidei
1203 532 1345 591 actionem
1367 532 1430 591 sive

255 629 465 690 oboedientiam
498 629 627 691 veritatis
660 637 808 706 recusent,
842 632 879 693 cf.
913 650 1000 708 supra
1029 651 1094 708 pag.
1127 635 1147 693 7
1173 652 1197 693 s.
1228 640 1258 694 et
1288 651 1353 708 pag.
1377 637 1429 696 34.

254 732 346 793 Felici
371 749 440 792 vero
469 734 633 808 proconsuli
659 737 712 811 24,
743 737 873 796 10-21
903 737 1042 810 explicat,
1073 737 1232 798 doctrinam
1265 755 1345 796 suam
1371 755 1432 797 non

255 835 414 896 abhorrere
428 853 447 896 a
461 835 616 912 Scripturis
630 837 724 898 Sacris
740 839 854 899 Veteris
870 840 1058 915 Testamenti,
1080 841 1166 899 imme
1181 857 1212 898 se
1227 830 1377 919 inceptione
1388 837 1433 920 τῷ

256 934 385 1023 πατρῴῳ
411 939 476 1023 bec)
502 945 532 1000 et
554 935 700 1004 πιστεύειν
722 943 810 1004 πᾶσιν
832 959 905 1018 qnae
928 943 1035 1002 inillis
1058 943 1139 1002 libris
1161 944 1270 1018 scripta
1295 943 1363 1014 sint,
1392 938 1431 1000 cf.

255 1059 321 1117 pag.
348 1043 386 1102 17
408 1061 431 1104 s.
474 1044 575 1117 Neque
597 1060 666 1104 vero
688 1045 724 1104 de
745 1043 813 1104 fidei
835 1045 1009 1106 christianae
1031 1045 1152 1118 objectis
1174 1046 1264 1104 multa
1284 1046 1324 1104 ibi
1347 1044 1433 1102 affert

256 1145 312 1205 uisi
340 1145 376 1204 de
402 1147 613 1207 resurrectione
640 1153 831 1220 mortuorum3
858 1165 914 1208 non
937 1149 1011 1208 enim
1033 1149 1146 1222 putarit
1168 1153 1302 1224 oportere
1325 1147 1433 1221 ubique

258 1250 354 1308 omnia
382 1249 491 1322 dicere,
520 1249 571 1308 sed
601 1252 751 1326 unicuique
782 1269 854 1326 quae
887 1253 978 1326 possit
1009 1252 1183 1328 intelhgere,
1216 1252 1251 1310 cf.
1284 1267 1348 1325 pag.
1383 1252 1433 1308 36.

258 1351 395 1411 Ethicam
417 1369 485 1411 vero
509 1353 695 1413 christianam
717 1372 790 1429 quae
812 1373 829 1414 e
851 1355 907 1415 fide
929 1360 1063 1414 nascatur
1077 1355 1215 1414 describit
1228 1373 1254 1413 v.
1272 1356 1327 1412 16:
1351 1348 1434 1415 ἀσκῶ

259 1448 447 1537 ἀπρόοιιοπον
479 1452 640 1538 συνείδησιν
672 1453 750 1537 ἔχειν
772 1452 847 1539 πρὸς
867 1451 919 1519 τὸν
940 1453 1015 1521 beda
1037 1453 1091 1519 >cci
1110 1452 1179 1531 τοὺς
1194 1451 1369 1538 ἀνὶιρώπους
1384 1451 1435 1528 διὰ

259 1553 388 1634 παντός,
426 1559 462 1617 cf.
484 1576 550 1633 pag.
573 1561 612 1618 41
638 1578 659 1619 s.
709 1562 823 1619 Denuo⁴
847 1563 1088 1620 resurrectionem
1118 1562 1147 1618 in
1176 1563 1306 1620 eratione
1336 1577 1434 1619 coram

258 1663 389 1738 Agrippa
411 1662 510 1721 hahita
531 1680 555 1724 ο.
579 1666 620 1722 26
643 1670 739 1737 urget,
762 1679 836 1738 quae
859 1664 974 1738 quidem
995 1665 1074 1722 nulla
1095 1663 1172 1723 adsit
1193 1681 1280 1724 causa
1303 1680 1355 1722 cnr
1375 1679 1432 1720 non

260 1781 313 1838 pro
326 1782 395 1825 vero
406 1765 548 1824 habeatur
554 1769 619 1826 v.8:
630 1784 688 1826 non
700 1768 778 1825 omui
790 1784 824 1826 ex
836 1773 918 1842 parte
931 1784 966 1825 ea
976 1783 1048 1840 quae
1060 1767 1204 1826 credenda
1215 1772 1281 1826 sunt
1292 1767 1433 1824 obsistunt

259 1869 367 1928 rationi
392 1869 546 1943 humanae,
577 1869 613 1930 cf.
634 1887 700 1944 pag.
723 1870 773 1929 37.
817 1870 853 1930 Se
883 1872 975 1944 ipsum
1003 1869 1146 1944 quondam
1177 1849 1330 1929 confitetur
1360 1867 1433 1926 falso

260 1971 335 2030 haec
364 1973 510 2046 opinatum
541 1989 604 2032 esse
627 1991 651 2032 v.
675 1975 714 2046 9.,
748 1974 800 2033 sed
828 1979 929 2048 postea
959 1975 1121 2032 convictum
1148 1990 1210 2032 esse
1236 1975 1296 2033 riso
1319 1971 1435 2029 Christo

260 2075 337 2146 vivo,
367 2091 459 2149 neque
489 2076 720 2135 inoboedientem
750 2075 836 2136 fuisse
867 2077 906 2157 τῇ
929 2070 1051 2162 οὐρανίῳ
1077 2070 1210 2161 ὀπτασίᾳ
1236 2095 1261 2135 ν.
1293 2076 1353 2147 19.,
1384 2074 1436 2132 sed

257 2179 376 2253 jussisse
405 2179 533 2238 homines
565 2183 719 2260 μετανοεῖν
748 2174 801 2241 καὶ
823 2177 1006 2262 ἐπιστρέφειν
1034 2174 1084 2241 ἐπὶ
1110 2175 1161 2241 τὸν
1182 2172 1256 2242 beda
1282 2171 1354 2252 ἄξια
1379 2177 1437 2257 τῆς

262 2276 424 2364 μετανοίας
452 2276 642 2364 πράσσοντας
672 2301 700 2344 ν.
730 2284 780 2344 20.
837 2283 946 2354 Quibus
982 2282 1077 2342 verbis
1107 2281 1174 2340 fidei
1206 2286 1235 2340 et
1262 2283 1374 2341 initium
1406 2285 1439 2340 et

262 2385 505 2444 continuationem
536 2386 661 2445 describi
696 2404 733 2445 er
762 2403 797 2446 eo
829 2403 940 2461 quoqne
972 2386 1153 2462 perspicitur,
1193 2384 1268 2458 quod
1296 2383 1437 2443 vocabulo

263 2481 337 2551 taso
357 2488 430 2548 haec
450 2489 630 2563 praedicatio
651 2493 750 2548 secuta
764 2505 827 2548 esso
844 2487 1022 2562 significatur
1035 2489 1202 2547 mandatum
1217 2487 1332 2546 Domini
1346 2487 1438 2546 Paulo

266 2590 365 2651 datum
387 2609 412 2649 v.
438 2591 476 2651 17
499 2610 538 2655 a:
566 2586 682 2669 ἀνοῖξαι
704 2586 883 2676 behelande
905 2586 1012 2668 αὐτῶν,
1035 2592 1088 2653 τοῦ
1110 2588 1288 2673 ἐπιστρέψαι
1310 2637 1316 2651 .
1342 2637 1362 2665 .,
1387 2589 1441 2650 τοῖν

261 2695 406 2774 λαβεῖν..
423 2692 520 2758 πίστει
542 2697 581 2777 τῇ
604 2693 648 2770 είς
669 2694 737 2778 ἐμέ,
762 2695 836 2755 unde
858 2697 1067 2770 cognoscimus,
1090 2691 1188 2757 πίστιν
1211 2710 1275 2753 esse
1294 2696 1439 2753 actionem

265 2799 425 2872 accipiendi
446 2799 523 2858 dona
544 2801 604 2874 ejus
627 2800 791 2874 spiritualia
806 2802 987 2874 conjunctam
1003 2816 1066 2858 cum
1082 2797 1275 2859 convertendo
1290 2797 1320 2856 in
1335 2797 1438 2855 Deum.

265 2901 409 2962 Summam
436 2921 504 2962 vero
530 2902 755 2978 praedicationis
783 2920 850 2962 snae
877 2904 1023 2978 apostolus
1053 2921 1080 2964 v.
1108 2903 1146 2962 21
1176 2919 1198 2962 s.
1227 2900 1297 2960 dicit
1323 2917 1440 2975 semper

264 3005 352 3067 luisse
376 3005 521 3066 Christum
544 3008 592 3081 qui
613 3023 712 3082 passus
735 3008 772 3066 sit
794 3011 825 3066 et
847 3005 1051 3083 resurrexerit,
1083 3007 1129 3064 eui
1154 3005 1198 3063 vel
1223 3003 1382 3078 prophetae
1409 3008 1441 3062 et

264 3109 362 3171 Moses
382 3112 547 3186 servierint,
571 3110 607 3174 cf.
630 3126 695 3184 pag.
712 3111 760 3170 35.
798 3111 906 3170 Ultimo
931 3109 1053 3183 denique
1076 3109 1170 3182 capite
1193 3107 1287 3166 denuo
1301 3093 1439 3181 'perspici

263 3219 372 3291 potest,
402 3213 544 3288 quomodo
574 3214 804 3273 universalismus
835 3213 885 3286 qui
912 3212 1015 3272 dicitur
1036 3212 1171 3272 Paulinus
1201 3227 1265 3270 cum
1287 3209 1355 3272 fidei
1377 3211 1439 3284 ejus

265 3318 380 3377 notione
403 3318 571 3392 cohaereat,
594 3317 628 3376 cf.
650 3335 678 3390 p.
704 3318 745 3376 34
769 3335 790 3374 ε.

749 3421 952 3430 -v-——u--u--w-

819 3591 887 3671 Vl.

352 3732 417 3790 lam
440 3734 588 3792 Paulinam
615 3733 682 3792 fidei
704 3733 851 3791 notionem
877 3733 977 3804 paucis
1000 3748 1196 3804 comparemus
1220 3729 1282 3788 cuni
1306 3746 1341 3787 ea
1367 3743 1440 3802 quae

267 3834 412 3894 inuenitur
433 3837 463 3894 in
485 3838 608 3910 epistola
629 3835 667 3894 ad
689 3832 874 3898 Hebraeos
897 3836 1005 3909 scripta
1027 3835 1107 3906 etin
1131 3833 1254 3908 epistola
1275 3827 1412 3894 iacobi.

280 3985 282 3990 .
352 3941 396 3998 Ea
417 3957 490 4015 quae
506 3941 594 3999 estin
611 3940 732 4014 epistola
744 3937 781 3997 ad
796 3939 944 3997 Hebraeos
956 3939 1043 3996 missa
1054 3934 1075 4012 ¹)
1099 3937 1254 3995 aPanlina
1275 3951 1331 3992 non
1354 3934 1439 4007 plane

357 4107 376 4175 ¹)
395 4108 432 4164 Of.
455 4110 589 4174 Deliczccl,
616 4108 760 4158 Commentcr
782 4125 832 4156 zum
851 4107 1035 4172 Hebrr'ierbries,
1060 4105 1137 4170 1857,
1152 4124 1179 4172 p.
1198 4099 1347 4165 511-522,
1365 4115 1440 4168 prae·

268 4196 360 4250 sertim
378 4213 404 4266 p.
423 4196 474 4250 518
492 4203 519 4250 et
537 4195 595 4250 520.
631 4194 721 4246 Sedula
738 4211 763 4264 p.
778 4193 828 4248 100
847 4191 934 4247 0199.
969 4193 1075 4243 Rriclcert
1087 4209 1113 4260 p.
1127 4191 1177 4244 264
1189 4205 1209 4244 S.
1246 4189 1331 4238 Immer
1342 4203 1368 4254 p.
1381 4184 1439 4238 413.

269 4285 415 4352 Schweqler,
434 4281 583 4348 Noclopoat.
602 4281 729 4348 Zeitalter,
748 4281 789 4346 II,
804 4299 831 4346 p.
852 4278 908 4329 322
920 4299 938 4333 r.
957 4281 990 4330 cl.
1027 4278 1115 4345 Bleck,
1136 4277 1258 4328 Commeat.
1272 4273 1309 4338 11,
1323 4271 1347 4326 2.
1362 4269 1440 4337 1840,

265 4393 293 4443 p.
312 4371 391 4423 154³.
413 4371 468 4423 719.
490 4367 548 4421 721.
585 4387 605 4424 o.
620 4368 757 4446 Hosmaan,
776 4367 793 4420 ί.
811 4386 830 4428 c,
851 4367 888 4446 II,
904 4383 930 4440 ρ,
951 4363 1005 4415 635
1017 4383 1049 4420 ss.
