3160 4990
628 368 835 430 „45-

147 555 200 613 pro
223 555 322 597 eorum
344 537 401 596 fide
423 539 507 596 Rom.
533 539 560 614 1,
585 539 617 616 9;
648 555 744 596 nonne
758 541 873 612 portam
888 540 1019 612 apertam
1041 557 1074 598 se
1087 537 1234 598 invenisse
1250 535 1321 597 dicit

147 643 186 700 Il.
210 640 275 700 (lor.
300 643 328 719 2,
355 642 417 718 12„
447 644 579 716 apertam
605 640 716 700 scilicet
743 639 859 700 aDeo?
890 639 966 712 Quin
990 641 1090 701 codem
1114 641 1209 718 capite
1237 644 1320 701 Rom.

150 746 176 819 1,
204 745 327 804 19-32
358 747 388 804 et
418 743 495 802 servi
527 738 795 825 (s’pacmdbpeuu,
827 739 1006 826 ἐσκοτίσὶκη,
1035 739 1269 827 &peccassent
1293 747 1323 802 et

146 846 233 906 liberi
257 847 389 907 homines
415 845 618 908 describuntur
645 841 805 930 (ἤλλαξαν,
836 841 889 909 οὐκ
911 843 1120 930 ἐδοκίμασαν).
1165 846 1323 918 Quaeritur

149 949 249 1027 etiam,
283 968 334 1009 cur
365 967 424 1010 non
458 968 556 1010 omnes
589 935 721 1010 homines
749 950 823 1027 justi
857 950 1025 1010 redduntur.
1071 951 1128 1010 Cur
1161 931 1244 1010 enim*
1263 967 1322 1009 non

64 1059 69 1066 '
148 1052 281 1112 omnibus
308 1053 473 1113 hominibus
500 1054 577 1113 dona
603 1053 765 1130 spiritualia
787 1055 867 1113 Deus
890 1054 954 1131 dat,
983 1058 1016 1113 ut
1037 1055 1124 1130 plane
1146 1053 1230 1113 liberi
1252 1052 1323 1112 fient

149 1155 263 1215 arbitrii
292 1161 321 1216 ct
352 1156 389 1215 ed
411 1158 506 1216 Deum
539 1176 570 1217 se
601 1162 771 1218 convertere
793 1158 927 1234 possint?
956 1159 1011 1218 Vel
1035 1157 1181 1233 quomodo¹
1201 1156 1322 1233 cogitari

148 1263 259 1336 potest,
291 1275 466 1334 quemquam
494 1262 582 1336 plane
609 1259 694 1320 liberi
715 1261 823 1320 factum
845 1261 958 1321 arbitrii
992 1267 1021 1322 et
1043 1264 1138 1322 Deum
1170 1263 1245 1321 bene
1275 1279 1323 1320 co·

149 1368 339 1438 gnoscentem
362 1382 427 1423 eum
448 1364 628 1439 reprobare?

234 1468 369 1542 Longum
400 1472 444 1526 est
473 1468 526 1527 has
561 1466 748 1528 difficultates
780 1467 953 1546 dissolvere,
985 1486 1080 1542 neque
1115 1468 1220 1546 debeo;
1255 1485 1323 1526 nam

149 1569 260 1629 Paulus
281 1587 338 1630 non
365 1570 488 1630 disserte
510 1589 571 1630 rem
592 1575 709 1631 tractat.
754 1573 835 1638 Haec
858 1571 1018 1631 sufficiunt:
1049 1571 1224 1630 antinomias
1246 1587 1322 1646 quae

150 1673 282 1732 oriuntur
308 1692 345 1732 ex
371 1673 555 1750 respicienda
576 1675 632 1734 Dei
654 1674 864 1752 omnipotentia
881 1673 1055 1756 justitiaque
1071 1679 1101 1734 et
1120 1692 1218 1734 amore
1233 1677 1323 1746 atque

151 1795 187 1834 ex
209 1776 356 1835 hominum
378 1777 499 1837 arbitrio
522 1781 551 1836 et
574 1777 688 1838 actione
711 1778 804 1838 libera
826 1774 925 1861 (modo
945 1797 1034 1854 supra
1050 1771 1197 1858 exposito)
1213 1776 1323 1834 Paulus

152 1878 264 1954 etipse
286 1881 361 1938 bene
385 1880 543 1956 cognoscit.
588 1881 675 1940 Modo
698 1882 821 1940 alteram
843 1886 957 1957 partem
972 1883 1054 1940 effert
1073 1881 1218 1957 laudibus,
1236 1878 1322 1938 modo

152 1982 284 2059 alteram,
307 1986 340 2041 ut
354 1988 456 2042 neutra
473 2001 541 2059 pars
556 1984 732 2060 negligatur.
762 1984 915 2044 Hominem
931 2002 1047 2044 servum
1063 1983 1178 2044 videtur
1195 1987 1325 2042 statuere

151 2087 234 2144 Rom.
259 2087 276 2142 9
301 2090 330 2145 et
354 2087 406 2165 11,
438 2087 609 2163 praesertim
641 2091 670 2165 9,
696 2090 744 2147 11.
770 2089 808 2147 15
824 2107 863 2150 ss.
913 2088 971 2148 sed
999 2107 1036 2148 ne
1067 2107 1103 2147 ex
1133 2087 1178 2146 his
1208 2086 1325 2161 quidem

151 2188 382 2264 expositionibus
405 2189 570 2250 libertatem
592 2190 740 2250 hominum
763 2209 875 2251 omnem
890 2179 983 2251 voluit
1006 2191 1120 2269 delere;
1144 2191 1323 2251 namv.12.

151 2290 259 2365 legitur
280 2289 317 2353 ἐκ
332 2293 384 2354 τοῦ
399 2293 561 2367 καλοῦντος
575 2299 665 2369 atquc
687 2313 715 2354 v.
734 2297 787 2355 22:
817 2289 941 2378 ἤνεγκον
962 2293 992 2357 ἐν
1007 2294 1104 2376 πολλῇ
1127 2288 1325 2376 μακροῖσνμίᾳ

151 2389 243 2475 σκεύη
281 2389 376 2477 ὀργῆς.
437 2396 514 2467 Quin
551 2397 645 2474 ipsum
684 2400 858 2458 vccabulum
890 2393 980 2480 ὀργῆς
1019 2397 1128 2457 homini
1159 2396 1324 2454 libertatem

150 2497 297 2571 quendam
312 2499 451 2559 vindicat.
483 2500 639 2561 Problema
653 2521 723 2562 vero
738 2502 833 2577 ipsum
853 2501 1027 2561 describitur
1043 2503 1071 2579 9,
1091 2503 1143 2558 19:
1174 2497 1249 2581 ἐρεῖς
1262 2567 1263 2571 ¹
1276 2516 1326 2579 μοι

151 2588 208 2663 οὖν·
239 2597 269 2662 τί
290 2589 339 2664 οὖν
361 2597 405 2664 ἔτι
436 2601 601 2686 μέμφοταις
630 2605 673 2689 τῷ
700 2599 757 2688 γὰρ
787 2600 955 2687 βουλήματι
981 2599 1072 2666 αὐτοῦ
1100 2599 1147 2676 τίς
1177 2596 1326 2682 dubioru-

151 2724 214 2776 κεν;
244 2705 299 2764 hoc
326 2711 384 2766 est:
415 2724 511 2766 nonne
537 2709 687 2767 voluntate
710 2709 845 2768 absoluta
860 2707 917 2767 Dei
938 2707 1032 2767 libera
1058 2706 1203 2766 hominum
1225 2705 1328 2764 volun·

150 2813 198 2866 tas
236 2808 351 2867 omnino
388 2809 512 2888 tollitur,
553 2817 586 2871 ut
618 2829 677 2876 non
711 2811 837 2870 debeant
869 2810 1040 2888 vituperari,
1072 2814 1105 2870 ut
1138 2810 1224 2869 etiam
1253 2807 1327 2867 fides

152 2927 252 2968 eorum
273 2913 350 2971 actio
365 2929 423 2972 non
445 2913 502 2972 sit?
531 2915 700 2992 Respondet
723 2932 792 2974 vero
808 2916 931 2975 Paulus:
965 2914 1115 2996 μενοῦνγε,
1133 2901 1324 2995 ὦᾶνὲνρωπε,

153 3007 188 3074 σὺ
210 3010 256 3086 τίς
278 3005 333 3076 alt
350 3010 637 3099 ἀνταποκρινόμενος
652 3019 695 3102 τῷ
708 3017 785 3102 ἓντῷ,
817 3020 935 3078 Maneat
950 3019 1085 3078 voluntas
1100 3017 1157 3077 Dei
1179 3016 1324 3090 absoluta.

152 3117 256 3176 Potest
277 3118 357 3178 Deus
386 3119 498 3198 facere,
529 3139 606 3195 quae
628 3123 704 3200 vult,
736 3121 844 3198 eligere
872 3139 943 3197 quos
970 3123 1042 3181 vult.
1086 3121 1133 3179 Tu
1155 3137 1214 3179 non
1236 3120 1328 3179 habes

148 3219 199 3295 jus
222 3220 249 3278 ei
272 3222 500 3282 contradicendi.
545 3225 603 3284 Sed
625 3224 813 3284 contradicis:
845 3225 929 3303 facis,
954 3224 1033 3300 quod
1047 3242 1106 3284 non
1129 3224 1231 3301 debes3
1264 3221 1327 3298 agis

155 3328 256 3383 contre
277 3324 333 3382 Dei
360 3327 555 3405 voluntatem,
584 3329 652 3386 dum
679 3328 794 3402 quaeris
820 3328 856 3388 de
883 3329 934 3387 illa
956 3327 1126 3400 antinomia3
1159 3325 1327 3402 quaerendo

153 3431 183 3485 tc
205 3427 328 3486 liberum
350 3430 488 3504 praebes3
519 3431 618 3491 mittas
639 3431 729 3506 igitur
750 3432 890 3507 ejusmodi
911 3431 1116 3509 cogitationes,
1141 3429 1327 3490 antinomiem

154 3547 281 3604 agnosce
305 3563 342 3574 u
368 3533 527 3610 credendo,
552 3533 608 3592 lide
632 3530 674 3616 (p.
699 3531 763 3616 37).

704 4031 780 4111 III.

243 4166 438 4242 Aggredimur
447 4169 510 4244 jam
522 4167 558 4226 ed
575 4169 715 4244 epistolas
726 4165 891 4251 Ephesiis
902 4165 1198 4248 Philippensibus
1211 4157 1326 4231 00106-

156 4266 319 4333 sensibus
351 4267 559 4333 Philemoni
591 4272 704 4332 missas.
765 4274 810 4331 De
844 4272 950 4346 quibus
981 4289 1040 4330 non
1075 4271 1166 4330 multa
1202 4270 1326 4328 dicenda

157 4372 303 4432 videntur.
348 4373 468 4432 Constat
501 4373 589 4451 enim,
622 4393 681 4434 non
709 4375 845 4453 explicite
878 4376 922 4434 his
955 4374 1086 4451 epistolis
1117 4373 1153 4433 de
1182 4371 1239 4432 fide
1268 4373 1326 4449 agi.
