3160 4990
750 359 937 419 ...8.-

254 528 326 588 dicit
356 529 392 588 de
421 527 556 588 veritatis
588 545 701 587 amore:
732 544 916 604 persuasum.
931 528 1025 586 Paulo
1055 525 1124 604 brit,
1157 526 1344 610 evangelium
1369 545 1436 587 esse

254 631 408 692 veritatem
430 633 501 694 κατ’
518 625 634 713 ἐξοχήν,
660 630 696 689 01.
721 630 870 707 01101111,
895 636 923 707 2,
948 632 981 691 2,
1013 623 1056 712 μὴ
1086 629 1272 711 salabbim
1300 623 1359 692 ἀπὸ
1382 631 1437 692 τοῦ

254 730 329 809 νοός·
357 735 436 810 quod
459 735 483 794 si
505 734 571 809 quis
593 733 778 810 evangelium
800 736 951 811 reprobet,
975 733 1131 794 veritatem
1153 734 1202 792 vel
1224 751 1325 793 verum
1341 735 1437 794 Deum

255 837 778 916 0100011001010,0001οε10010
804 840 967 898 naturalem
994 839 1139 912 quendam
1165 837 1276 896 habeat
1306 856 1437 898 amorem

254 941 389 1002 veritatis
411 944 449 1019 ΙΙ,
474 944 502 1019 2,
530 937 643 1023 10101.
667 935 876 1024 1110-010000),
909 959 974 1000 eum
1003 943 1098 1000 Deum
1128 958 1229 1000 verum
1259 959 1317 999 non
1347 959 1437 1016 posse

254 1047 427 1122 reprobare,
459 1044 489 1104 in
521 1041 719 1104 convertendo
750 1043 826 1104 enim
856 1045 894 1105 ad
921 1046 1016 1104 Deum
1046 1045 1133 1103 homo
1161 1063 1192 1103 se
1223 1043 1367 1104 convertit
1396 1045 1437 1104 ad

255 1147 411 1208 veritatem
434 1145 487 1231 (ib.
511 1167 540 1207 1.
566 1149 605 1206 14
628 1143 727 1221 πίστις
749 1141 924 1229 dispicias).
969 1147 1029 1208 Soli
1052 1152 1149 1208 autem
1165 1152 1279 1206 011010
1296 1149 1360 1206 Deo
1376 1167 1437 1208 non

254 1257 353 1329 potest
374 1253 506 1328 plaeere,
531 1251 670 1327 quicum
693 1251 861 1312 0011011111.
906 1252 1015 1312 Contra
1037 1251 1062 1311 si
1083 1251 1108 1312 is
1124 1253 1217 1329 Deus,
1242 1270 1328 1326 quem
1350 1271 1435 1327 prae-

257 1355 388 1432 dicabat,
419 1373 507 1414 verus
538 1359 567 1414 01
597 1355 683 1415 11110
712 1374 770 1414 101
801 1360 895 1433 00001,
927 1373 1022 1430 neque
1052 1373 1083 1414 re
1113 1373 1185 1414 vera
1214 1354 1323 1414 factum
1347 1359 1434 1433 esset,

256 1459 336 1535 quod
358 1457 527 1536 nuntiabat,
551 1477 610 1518 non
625 1460 702 1537 Deo,
727 1459 779 1518 sed
794 1458 880 1518 idolis
902 1461 924 1536 I,
945 1460 971 1537 1,
990 1461 1007 1517 9
1024 1456 1178 1518 crederent
1194 1454 1221 1520 01
1236 1453 1434 1534 πιστεύοντες,

256 1580 352 1638 neque
374 1561 447 1622 fides
470 1561 560 1637 digna
583 1567 661 1622 esset
687 1581 763 1637 quae
785 1562 965 1622 laudaretur.
1021 1561 1162 1622 Videmus
1183 1562 1286 1640 igitur,
1310 1564 1435 1622 Paulum

257 1665 366 1726 sentire
389 1665 584 1740 cognitionem
607 1666 755 1741 quandam
771 1671 801 1726 et
816 1665 1026 1742 experientiam
1042 1665 1098 1725 Dei
1114 1667 1336 1726 antecedentem
1350 1664 1434 1744 fidei,

257 1773 351 1846 solum
373 1769 398 1829 is
413 1768 464 1843 qni
479 1770 573 1828 Deum
589 1788 658 1828 vere
681 1769 833 1847 cognovit,
857 1769 915 1830 fide
936 1769 967 1828 in
991 1788 1056 1830 eum
1078 1789 1110 1829 se
1133 1775 1305 1830 0011011010
1327 1775 1435 1847 potest.

258 1873 360 1946 Qualis
382 1891 453 1932 vero
477 1873 551 1932 haec
574 1873 756 1948 experientia
778 1871 878 1951 suerit,
902 1873 1076 1950 intelligitur
1098 1894 1204 1952 exeo,
1230 1876 1309 1950 quod
1331 1873 1361 1932 iu
1384 1891 1437 1934 sua

251 1961 348 2055 'ipsius
371 1975 562 2036 conversione
585 1977 688 2035 uolens
712 1975 856 2036 Christum
880 1983 1060 2054 cognoverat
1083 1973 1232 2060 vivera1)

342 2082 407 2140 Jam
438 2078 625 2155 intelligitur,
657 2097 709 2138 eur
738 2079 815 2140 actio
846 2081 1037 2142 convertendi
1068 2100 1100 2140 se
1132 2083 1170 2141 ad
1196 2084 1291 2141 Deum
1322 2081 1438 2156 dicatur

257 2185 379 2246 formam
401 2183 511 2242 habere
527 2181 742 2242 oboedientiae.
788 2183 845 2255 Qui
861 2184 965 2262 credit,
984 2185 1123 2260 cognovit
1138 2185 1291 2245 veritatem
1307 2185 1436 2256 divinam

258 2306 349 2363 seque
373 2286 400 2346 ei
422 2285 534 2363 subdit,
552 2285 686 2361 quamvis
702 2285 731 2344 in
747 2285 902 2362 evangelio
918 2289 1009 2348 multa
1025 2288 1096 2364 sint,
1115 2307 1190 2363 quae
1206 2307 1264 2348 101
1280 2288 1434 2364 intelligat,

260 2395 289 2451 01
301 2391 392 2449 multa
404 2408 480 2465 quae
493 2388 574 2448 malit
588 2388 719 2466 rejicere,
733 2408 822 2465 quum
834 2389 864 2448 in
874 2391 1028 2467 evangelio
1039 2391 1132 2450 omnis
1143 2391 1253 2451 homini
1266 2392 1435 2452 detrahatur

256 2496 364 2572 bonos,
388 2497 421 2552 ut
443 2492 497 2553 soli
519 2493 583 2552 Deo
606 2492 762 2552 tribuatur.

287 2582 288 2585 ¹
345 2596 498 2668 Quomodo
522 2613 592 2657 vero
615 2595 731 2656 omnino
755 2596 862 2672 aliquis
878 2596 985 2657 certior
1006 2595 1058 2657 fiat
1074 2599 1110 2657 de
1126 2597 1251 2657 veritate
1267 2597 1434 2675 christiana,

259 2701 284 2762 si
307 2719 413 2760 causas
434 2699 566 2760 internas
589 2705 618 2760 et
640 2705 736 2760 motus
757 2701 888 2760 internos
908 2700 1091 2778 respicimus,
1115 2701 1161 2762 his
1177 2702 1290 2762 duabus
1306 2701 1436 2777 epistolis

258 2824 316 2865 101
346 2803 519 2888 explicatur.
568 2805 633 2867 Hoc
648 2804 742 2862 Paulo
773 2803 893 2881 suflicit,
926 2804 1060 2864 convinci
1090 2803 1235 2882 homines,
1268 2804 1344 2864 sicut
1373 2804 1435 2880 ipse

258 2907 411 2968 convictus
438 2911 510 2966 erat.
556 2909 702 2967 Externos
722 2927 792 2967 vero
809 2925 913 2967 causas
936 2905 1150 2990 πληροφορίας,
1180 2907 1297 2967 divinas
1320 2908 1437 2982 quidem

259 3017 288 3072 et
317 3010 520 3088 miraculosus,
556 3011 629 3070 satis
659 3011 800 3088 explicat,
836 2993 929 3070 Deum
961 3011 1037 3071 enim
1071 3030 1102 3071 se
1133 3010 1228 3087 ipsum
1257 3012 1437 3072 revelavissc

260 3115 331 3176 dicit
355 3133 410 3191 per
435 3114 525 3174 filium
553 3133 636 3175 snum
664 3117 687 3192 Ι,
714 3117 740 3192 1,
768 3117 816 3192 10,
844 3116 966 3191 siugulis
992 3134 1063 3174 vero
1083 3114 1247 3175 hominibus
1270 3118 1361 3175 verbo
1384 3135 1437 3176 suo

260 3223 290 3279 et
313 3217 468 3294 evangelio
491 3221 514 3296 l,
542 3221 568 3296 1,
593 3220 621 3277 5.
647 3222 679 3296 6,
704 3221 732 3295 2,
758 3220 791 3296 3,
816 3220 844 3295 3,
863 3220 895 3296 2,
919 3199 1063 3297 11,'3,1;
1099 3219 1177 3298 quod
1193 3218 1298 3295 siquis
1314 3219 1437 3296 rejiciat,

259 3325 354 3383 Deum
377 3322 458 3382 illum
481 3324 640 3400 reprobare
663 3325 686 3398 l,
711 3325 739 3401 2,
766 3325 818 3400 13,
850 3323 878 3400 4,
903 3325 937 3400 8,
969 3322 1047 3382 unde
1071 3321 1177 3382 dicitur
1192 3325 1273 3383 Deus
1299 3316 1313 3384 ὃ
1341 3323 1441 3384 καλῶν

259 3429 282 3504 1,
307 3430 336 3504 2,
363 3428 415 3504 12,
446 3427 484 3503 II,
509 3428 537 3502 2,
564 3426 612 3484 14.
658 3425 715 3485 Sed
743 3426 831 3485 etiam
858 3431 925 3502 post
951 3425 1135 3486 vocationem
1158 3427 1243 3486 adest
1266 3427 1347 3486 Deus
1370 3425 1439 3488 fide-

259 3530 336 3589 libus
360 3528 534 3589 confirmans
558 3547 608 3588 eos
631 3531 653 3606 I,
679 3531 707 3606 3,
735 3532 787 3607 12,
812 3530 840 3606 5,
866 3533 922 3608 23,
947 3532 985 3607 ΙΙ,
1010 3533 1039 3607 2,
1066 3531 1119 3608 17,
1144 3533 1172 3607 3,
1198 3530 1226 3588 5.

346 3631 453 3708 Agitur
482 3650 552 3691 vero
586 3631 616 3690 in
648 3632 803 3708 evangelio
836 3632 885 3693 illo
917 3633 980 3694 sive
1004 3635 1094 3694 verbo
1118 3632 1218 3693 divino
1242 3633 1278 3691 de
1301 3634 1378 3709 Deo,
1403 3633 1439 3691 dc

259 3737 319 3796 filio
342 3736 411 3814 Dei,
437 3737 472 3796 de
499 3736 713 3796 resurrectione
741 3738 804 3814 ejus
828 3743 856 3797 et
878 3737 1007 3796 fidelium
1030 3739 1052 3815 I,
1077 3738 1106 3814 4,
1134 3739 1171 3796 13
1188 3757 1237 3814 ss,
1262 3737 1298 3796 de
1325 3736 1369 3795 ira
1384 3736 1440 3796 Dei

260 3845 290 3900 et
304 3840 430 3918 judicio,
452 3841 488 3900 de
507 3844 631 3921 peccato
652 3845 681 3900 et
700 3841 830 3917 pernicie
849 3841 996 3900 homiuum
1012 3843 1035 3918 1,
1053 3843 1081 3918 2,
1102 3842 1156 3919 16,
1185 3843 1223 3918 Π,
1241 3844 1269 3917 2,
1287 3841 1439 3899 11010111-

260 3949 323 4003 tate
338 3943 395 4003 Dei
410 3946 433 4021 l,
451 3945 479 4022 4,
497 3946 525 4022 3,
544 3943 580 4003 de
596 3946 690 4003 salute
706 3946 743 4022 ll,
762 3948 790 4022 2,
807 3947 844 4003 13
858 3963 891 4020 0.,
912 3945 947 4003 de
964 3943 1029 4005 aliis
1040 3945 1138 4003 rebus.
1169 3944 1438 4020 Animadvertatur,

261 4048 406 4124 quomodo
433 4047 463 4106 in
490 4048 555 4124 ipsa
581 4047 706 4123 simplici
732 4048 848 4108 actione
875 4047 1014 4107 credendi
1037 4033 1161 4123 magnus
1183 4065 1318 4107 numerus
1344 4065 1441 4136 rerum

349 4197 368 4264 ¹)
388 4200 478 4266 Quare
506 4203 580 4253 certe
600 4200 710 4251 Sclalzii
732 4198 760 4266 (l.
779 4215 800 4253 c.
819 4217 844 4267 p.
863 4199 923 4269 1117)
951 4205 978 4253 01
996 4198 1124 4250 11110101ίί
1142 4197 1288 4265 (Theolopie,
1307 4199 1344 4251 II.
1365 4197 1442 4262 1851,

258 4304 284 4351 p.
312 4283 383 4338 263:
414 4287 460 4336 dos
485 4287 615 4353 Erprer'sen
642 4286 683 4336 des
710 4286 803 4336 ideolen
829 4286 930 4350 Ledam)
960 4283 1132 4340 definitiones
1159 4300 1219 4337 cum
1246 4283 1360 4338 Paulina
1386 4299 1442 4338 non

260 4374 422 4440 congruunt.
