<?xml version="1.0" encoding="UTF-8"?>
<!DOCTYPE html PUBLIC "-//W3C//DTD XHTML 1.0 Transitional//EN"
    "http://www.w3.org/TR/xhtml1/DTD/xhtml1-transitional.dtd">
<html xmlns="http://www.w3.org/1999/xhtml" xml:lang="en" lang="en">
 <head>
  <title>
</title>
<meta http-equiv="Content-Type" content="text/html;charset=utf-8" />
  <meta name='ocr-system' content='tesseract 3.04.00' />
  <meta name='ocr-capabilities' content='ocr_page ocr_carea ocr_par ocr_line ocrx_word'/>
</head>
<body>
  <div class='ocr_page' id='page_1' title='image "./defideinotionee00schngoog_0041.png"; bbox 0 0 3160 4990; ppageno 0'>
   <div class='ocr_carea' id='block_1_1' title="bbox 750 402 958 471">
    <p class='ocr_par' dir='ltr' id='par_1_1' title="bbox 750 402 958 471">
     <span class='ocr_line' id='line_1_1' title="bbox 750 402 958 471; baseline 0 -21"><span class='ocrx_word' id='word_1_1' title='bbox 750 402 958 471; x_wconf 50' lang='lat'>*32⁶*</span> 
     </span>
    </p>
   </div>
   <div class='ocr_carea' id='block_1_2' title="bbox 266 569 1447 3131">
    <p class='ocr_par' dir='ltr' id='par_1_2' title="bbox 266 569 1447 3131">
     <span class='ocr_line' id='line_1_2' title="bbox 354 569 1445 661; baseline 0.005 -23"><span class='ocrx_word' id='word_1_2' title='bbox 354 571 499 639; x_wconf 80' lang='lat' dir='ltr'><strong>Describit</strong></span> <span class='ocrx_word' id='word_1_3' title='bbox 526 577 631 638; x_wconf 89' lang='lat' dir='ltr'>Paulus</span> <span class='ocrx_word' id='word_1_4' title='bbox 658 572 693 640; x_wconf 82' lang='grc' dir='ltr'>τὸ</span> <span class='ocrx_word' id='word_1_5' title='bbox 720 575 751 640; x_wconf 83' lang='grc' dir='ltr'>ἐν</span> <span class='ocrx_word' id='word_1_6' title='bbox 777 575 875 641; x_wconf 81' lang='grc' dir='ltr'>πίστει</span> <span class='ocrx_word' id='word_1_7' title='bbox 902 580 954 661; x_wconf 79' lang='grc' dir='ltr'>ζῆν</span> <span class='ocrx_word' id='word_1_8' title='bbox 981 578 1045 641; x_wconf 84' lang='lat' dir='ltr'>Gal.</span> <span class='ocrx_word' id='word_1_9' title='bbox 1074 581 1102 656; x_wconf 78' lang='lat'>2,</span> <span class='ocrx_word' id='word_1_10' title='bbox 1130 581 1171 640; x_wconf 82' lang='grc'>20</span> <span class='ocrx_word' id='word_1_11' title='bbox 1198 597 1283 640; x_wconf 86' lang='lat' dir='ltr'>versu</span> <span class='ocrx_word' id='word_1_12' title='bbox 1314 577 1366 640; x_wconf 82' lang='lat'>19:</span> <span class='ocrx_word' id='word_1_13' title='bbox 1394 569 1445 642; x_wconf 74' lang='grc' dir='ltr'>ἵνα</span> 
     </span>
     <span class='ocr_line' id='line_1_3' title="bbox 269 676 1445 766; baseline -0.004 -19"><span class='ocrx_word' id='word_1_14' title='bbox 269 676 334 766; x_wconf 49' lang='lat' dir='ltr'>&amp;ap</span> <span class='ocrx_word' id='word_1_15' title='bbox 360 677 455 765; x_wconf 77' lang='grc' dir='ltr'>ζήσω,</span> <span class='ocrx_word' id='word_1_16' title='bbox 490 682 600 742; x_wconf 87' lang='lat' dir='ltr'>scilicet</span> <span class='ocrx_word' id='word_1_17' title='bbox 627 679 660 744; x_wconf 79' lang='grc' dir='ltr'>ἐν</span> <span class='ocrx_word' id='word_1_18' title='bbox 688 681 808 765; x_wconf 81' lang='grc' dir='ltr'>Χριστῷ</span> <span class='ocrx_word' id='word_1_19' title='bbox 833 682 916 747; x_wconf 87' lang='lat' dir='ltr'>Rom.</span> <span class='ocrx_word' id='word_1_20' title='bbox 940 685 969 761; x_wconf 91' lang='lat'>6,</span> <span class='ocrx_word' id='word_1_21' title='bbox 998 684 1035 742; x_wconf 93' lang='grc'>11</span> <span class='ocrx_word' id='word_1_22' title='bbox 1067 685 1128 744; x_wconf 91' lang='lat' dir='ltr'>sive</span> <span class='ocrx_word' id='word_1_23' title='bbox 1154 683 1268 744; x_wconf 85' lang='lat' dir='ltr'>Christo</span> <span class='ocrx_word' id='word_1_24' title='bbox 1291 684 1320 758; x_wconf 77' lang='grc'>7,</span> <span class='ocrx_word' id='word_1_25' title='bbox 1340 685 1370 745; x_wconf 85' lang='grc'>4.</span> <span class='ocrx_word' id='word_1_26' title='bbox 1414 684 1445 743; x_wconf 82' lang='grc' dir='ltr'>6ί</span> 
     </span>
     <span class='ocr_line' id='line_1_4' title="bbox 269 779 1445 870; baseline 0.003 -24"><span class='ocrx_word' id='word_1_27' title='bbox 269 785 333 846; x_wconf 85' lang='lat' dir='ltr'>Gal.</span> <span class='ocrx_word' id='word_1_28' title='bbox 367 787 395 860; x_wconf 83' lang='lat'>3,</span> <span class='ocrx_word' id='word_1_29' title='bbox 428 788 447 845; x_wconf 85' lang='lat'><strong>6</strong></span> <span class='ocrx_word' id='word_1_30' title='bbox 480 787 612 858; x_wconf 84' lang='lat' dir='ltr'>legimus:</span> <span class='ocrx_word' id='word_1_31' title='bbox 639 779 780 867; x_wconf 83' lang='grc' dir='ltr'>Ἀβραὰμ</span> <span class='ocrx_word' id='word_1_32' title='bbox 818 782 988 848; x_wconf 78' lang='grc' dir='ltr'>ἐπίστευσεν</span> <span class='ocrx_word' id='word_1_33' title='bbox 1025 787 1068 869; x_wconf 87' lang='grc' dir='ltr'>τῷ</span> <span class='ocrx_word' id='word_1_34' title='bbox 1098 784 1175 870; x_wconf 58' lang='lat' dir='ltr'>itai),</span> <span class='ocrx_word' id='word_1_35' title='bbox 1213 782 1267 849; x_wconf 81' lang='grc' dir='ltr'>καί</span> <span class='ocrx_word' id='word_1_36' title='bbox 1300 784 1445 869; x_wconf 65' lang='lat' dir='ltr'>depicto</span> 
     </span>
     <span class='ocr_line' id='line_1_5' title="bbox 269 881 1447 971; baseline -0.003 -20"><span class='ocrx_word' id='word_1_37' title='bbox 269 881 350 971; x_wconf 78' lang='grc' dir='ltr'>αὐτῷ</span> <span class='ocrx_word' id='word_1_38' title='bbox 386 885 430 962; x_wconf 88' lang='grc' dir='ltr'>είς</span> <span class='ocrx_word' id='word_1_39' title='bbox 466 884 652 970; x_wconf 67' lang='lat' dir='ltr'>&amp;uacaturus</span> <span class='ocrx_word' id='word_1_40' title='bbox 689 887 725 950; x_wconf 88' lang='lat' dir='ltr'>ol.</span> <span class='ocrx_word' id='word_1_41' title='bbox 764 889 846 950; x_wconf 86' lang='lat' dir='ltr'>Rom.</span> <span class='ocrx_word' id='word_1_42' title='bbox 876 889 905 963; x_wconf 98' lang='lat'>4,</span> <span class='ocrx_word' id='word_1_43' title='bbox 936 891 978 965; x_wconf 90' lang='grc'>3.,</span> <span class='ocrx_word' id='word_1_44' title='bbox 1005 890 1081 949; x_wconf 86' lang='lat' dir='ltr'>actio</span> <span class='ocrx_word' id='word_1_45' title='bbox 1115 890 1254 964; x_wconf 86' lang='lat' dir='ltr'>quaedam</span> <span class='ocrx_word' id='word_1_46' title='bbox 1286 890 1447 950; x_wconf 87' lang='lat' dir='ltr'>Abrahami</span> 
     </span>
     <span class='ocr_line' id='line_1_6' title="bbox 267 989 1447 1066; baseline -0.001 -14"><span class='ocrx_word' id='word_1_47' title='bbox 267 997 416 1065; x_wconf 79' lang='lat' dir='ltr'>narratur,</span> <span class='ocrx_word' id='word_1_48' title='bbox 438 994 514 1052; x_wconf 88' lang='lat' dir='ltr'>actio</span> <span class='ocrx_word' id='word_1_49' title='bbox 536 992 648 1050; x_wconf 86' lang='lat' dir='ltr'>scilicet</span> <span class='ocrx_word' id='word_1_50' title='bbox 669 992 699 1049; x_wconf 91' lang='lat' dir='ltr'>iu</span> <span class='ocrx_word' id='word_1_51' title='bbox 714 992 807 1051; x_wconf 90' lang='lat' dir='ltr'>Deum</span> <span class='ocrx_word' id='word_1_52' title='bbox 829 1008 860 1051; x_wconf 90' lang='lat' dir='ltr'>se</span> <span class='ocrx_word' id='word_1_53' title='bbox 883 992 1081 1066; x_wconf 86' lang='lat' dir='ltr'>convertendi,</span> <span class='ocrx_word' id='word_1_54' title='bbox 1105 993 1170 1054; x_wconf 88' lang='lat' dir='ltr'>Deo</span> <span class='ocrx_word' id='word_1_55' title='bbox 1194 989 1368 1054; x_wconf 87' lang='lat' dir='ltr'>confidendi.</span> <span class='ocrx_word' id='word_1_56' title='bbox 1415 993 1447 1052; x_wconf 89' lang='lat' dir='ltr'>Si</span> 
     </span>
     <span class='ocr_line' id='line_1_7' title="bbox 269 1094 1445 1169; baseline 0 -13"><span class='ocrx_word' id='word_1_57' title='bbox 269 1097 298 1169; x_wconf 86' lang='lat'>3,</span> <span class='ocrx_word' id='word_1_58' title='bbox 320 1095 361 1156; x_wconf 76' lang='lat'>27</span> <span class='ocrx_word' id='word_1_59' title='bbox 391 1095 428 1157; x_wconf 88' lang='lat' dir='ltr'>cf.</span> <span class='ocrx_word' id='word_1_60' title='bbox 450 1095 533 1157; x_wconf 89' lang='lat' dir='ltr'>Rom.</span> <span class='ocrx_word' id='word_1_61' title='bbox 559 1094 670 1168; x_wconf 85' lang='lat'>13,14</span> <span class='ocrx_word' id='word_1_62' title='bbox 700 1095 812 1154; x_wconf 89' lang='lat' dir='ltr'>initium</span> <span class='ocrx_word' id='word_1_63' title='bbox 842 1097 908 1155; x_wconf 88' lang='lat' dir='ltr'>novi</span> <span class='ocrx_word' id='word_1_64' title='bbox 939 1095 1107 1155; x_wconf 80' lang='lat' dir='ltr'>Galatarum</span> <span class='ocrx_word' id='word_1_65' title='bbox 1138 1101 1229 1155; x_wconf 88' lang='lat' dir='ltr'>status</span> <span class='ocrx_word' id='word_1_66' title='bbox 1260 1096 1445 1156; x_wconf 84' lang='lat' dir='ltr'>describitur:</span> 
     </span>
     <span class='ocr_line' id='line_1_8' title="bbox 269 1187 1446 1282; baseline -0.003 -19"><span class='ocrx_word' id='word_1_67' title='bbox 269 1197 490 1282; x_wconf 66' lang='grc' dir='ltr'>ἐβαπτίσξπητε,</span> <span class='ocrx_word' id='word_1_68' title='bbox 507 1192 636 1280; x_wconf 84' lang='grc' dir='ltr'>Χριστὸν</span> <span class='ocrx_word' id='word_1_69' title='bbox 658 1193 853 1274; x_wconf 74' lang='grc' dir='ltr'>ἐνεδύσασῖνε,</span> <span class='ocrx_word' id='word_1_70' title='bbox 877 1215 973 1258; x_wconf 87' lang='lat' dir='ltr'>noune</span> <span class='ocrx_word' id='word_1_71' title='bbox 1001 1200 1087 1258; x_wconf 88' lang='lat' dir='ltr'>etiam</span> <span class='ocrx_word' id='word_1_72' title='bbox 1107 1200 1136 1257; x_wconf 92' lang='lat' dir='ltr'>in</span> <span class='ocrx_word' id='word_1_73' title='bbox 1159 1187 1347 1264; x_wconf 63' lang='lat' dir='ltr'>auctotarite</span> <span class='ocrx_word' id='word_1_74' title='bbox 1369 1202 1446 1260; x_wconf 89' lang='lat' dir='ltr'>actio</span> 
     </span>
     <span class='ocr_line' id='line_1_9' title="bbox 268 1300 1446 1379; baseline -0.002 -15"><span class='ocrx_word' id='word_1_75' title='bbox 268 1303 410 1379; x_wconf 88' lang='lat' dir='ltr'>quaedam</span> <span class='ocrx_word' id='word_1_76' title='bbox 432 1306 560 1375; x_wconf 88' lang='lat' dir='ltr'>notatur,</span> <span class='ocrx_word' id='word_1_77' title='bbox 584 1300 660 1362; x_wconf 87' lang='lat' dir='ltr'>actio</span> <span class='ocrx_word' id='word_1_78' title='bbox 675 1301 786 1361; x_wconf 88' lang='lat' dir='ltr'>scilicet</span> <span class='ocrx_word' id='word_1_79' title='bbox 801 1302 965 1361; x_wconf 88' lang='lat' dir='ltr'>assumendi</span> <span class='ocrx_word' id='word_1_80' title='bbox 980 1307 1010 1362; x_wconf 87' lang='lat' dir='ltr'>et</span> <span class='ocrx_word' id='word_1_81' title='bbox 1032 1301 1170 1362; x_wconf 88' lang='lat' dir='ltr'>induendi</span> <span class='ocrx_word' id='word_1_82' title='bbox 1186 1302 1314 1362; x_wconf 80' lang='lat' dir='ltr'>Christi?</span> <span class='ocrx_word' id='word_1_83' title='bbox 1349 1302 1446 1376; x_wconf 82' lang='lat' dir='ltr'>Atque</span> 
     </span>
     <span class='ocr_line' id='line_1_10' title="bbox 268 1405 1447 1481; baseline -0.001 -16"><span class='ocrx_word' id='word_1_84' title='bbox 268 1412 301 1465; x_wconf 88' lang='lat' dir='ltr'>ut</span> <span class='ocrx_word' id='word_1_85' title='bbox 330 1407 386 1465; x_wconf 89' lang='lat' dir='ltr'>hoc</span> <span class='ocrx_word' id='word_1_86' title='bbox 412 1407 489 1479; x_wconf 88' lang='lat' dir='ltr'>loco,</span> <span class='ocrx_word' id='word_1_87' title='bbox 518 1405 667 1480; x_wconf 83' lang='lat' dir='ltr'>aptissime</span> <span class='ocrx_word' id='word_1_88' title='bbox 690 1405 777 1462; x_wconf 85' lang='lat' dir='ltr'>etiam</span> <span class='ocrx_word' id='word_1_89' title='bbox 798 1405 828 1479; x_wconf 88' lang='grc'>4,</span> <span class='ocrx_word' id='word_1_90' title='bbox 853 1406 871 1463; x_wconf 88' lang='grc'>9</span> <span class='ocrx_word' id='word_1_91' title='bbox 893 1421 962 1479; x_wconf 91' lang='lat' dir='ltr'>pars</span> <span class='ocrx_word' id='word_1_92' title='bbox 985 1405 1080 1464; x_wconf 86' lang='lat' dir='ltr'>activa</span> <span class='ocrx_word' id='word_1_93' title='bbox 1102 1411 1132 1466; x_wconf 88' lang='lat' dir='ltr'>et</span> <span class='ocrx_word' id='word_1_94' title='bbox 1153 1407 1268 1481; x_wconf 85' lang='lat' dir='ltr'>passiva</span> <span class='ocrx_word' id='word_1_95' title='bbox 1290 1407 1447 1479; x_wconf 88' lang='lat' dir='ltr'>conjuncta</span> 
     </span>
     <span class='ocr_line' id='line_1_11' title="bbox 268 1501 1445 1593; baseline 0.002 -24"><span class='ocrx_word' id='word_1_96' title='bbox 268 1515 326 1569; x_wconf 89' lang='lat' dir='ltr'>est:</span> <span class='ocrx_word' id='word_1_97' title='bbox 355 1503 474 1590; x_wconf 84' lang='grc' dir='ltr'>γνόντες</span> <span class='ocrx_word' id='word_1_98' title='bbox 493 1501 581 1584; x_wconf 58' lang='lat' dir='ltr'>tadu,</span> <span class='ocrx_word' id='word_1_99' title='bbox 606 1507 720 1589; x_wconf 78' lang='grc' dir='ltr'>μᾶλλον</span> <span class='ocrx_word' id='word_1_100' title='bbox 735 1503 768 1570; x_wconf 80' lang='grc' dir='ltr'>δὲ</span> <span class='ocrx_word' id='word_1_101' title='bbox 782 1506 968 1589; x_wconf 73' lang='grc' dir='ltr'>γνωσῖνέντες</span> <span class='ocrx_word' id='word_1_102' title='bbox 983 1503 1039 1570; x_wconf 80' lang='grc' dir='ltr'>ὑπὸ</span> <span class='ocrx_word' id='word_1_103' title='bbox 1054 1507 1143 1585; x_wconf 68' lang='lat' dir='ltr'>arou,</span> <span class='ocrx_word' id='word_1_104' title='bbox 1169 1509 1230 1582; x_wconf 84' lang='grc' dir='ltr'>πῶς</span> <span class='ocrx_word' id='word_1_105' title='bbox 1250 1507 1445 1593; x_wconf 79' lang='grc' dir='ltr'>ἐπιστρέφετε</span> 
     </span>
     <span class='ocr_line' id='line_1_12' title="bbox 268 1606 1445 1687; baseline -0.003 -12"><span class='ocrx_word' id='word_1_106' title='bbox 268 1606 357 1675; x_wconf 79' lang='grc' dir='ltr'>πάλιν</span> <span class='ocrx_word' id='word_1_107' title='bbox 368 1633 397 1674; x_wconf 87' lang='grc' dir='ltr'>κ.</span> <span class='ocrx_word' id='word_1_108' title='bbox 410 1632 436 1674; x_wconf 90' lang='grc' dir='ltr'>τ.</span> <span class='ocrx_word' id='word_1_109' title='bbox 448 1612 474 1674; x_wconf 84' lang='grc' dir='ltr'>λ.</span> <span class='ocrx_word' id='word_1_110' title='bbox 487 1611 602 1672; x_wconf 85' lang='lat' dir='ltr'>Deinde</span> <span class='ocrx_word' id='word_1_111' title='bbox 614 1611 643 1686; x_wconf 89' lang='lat'>4,</span> <span class='ocrx_word' id='word_1_112' title='bbox 658 1611 727 1672; x_wconf 89' lang='lat' dir='ltr'>l4s.</span> <span class='ocrx_word' id='word_1_113' title='bbox 742 1612 898 1672; x_wconf 87' lang='lat' dir='ltr'>laudantur</span> <span class='ocrx_word' id='word_1_114' title='bbox 909 1612 1041 1685; x_wconf 75' lang='lat' dir='ltr'>(idaiae,</span> <span class='ocrx_word' id='word_1_115' title='bbox 1053 1613 1129 1687; x_wconf 91' lang='lat' dir='ltr'>quod</span> <span class='ocrx_word' id='word_1_116' title='bbox 1140 1628 1249 1672; x_wconf 88' lang='lat' dir='ltr'>summo</span> <span class='ocrx_word' id='word_1_117' title='bbox 1262 1612 1357 1674; x_wconf 92' lang='lat' dir='ltr'>studio</span> <span class='ocrx_word' id='word_1_118' title='bbox 1373 1629 1445 1687; x_wconf 94' lang='lat' dir='ltr'>apo-</span> 
     </span>
     <span class='ocr_line' id='line_1_13' title="bbox 268 1715 1446 1791; baseline -0.002 -15"><span class='ocrx_word' id='word_1_119' title='bbox 268 1717 372 1776; x_wconf 91' lang='lat' dir='ltr'>stolum</span> <span class='ocrx_word' id='word_1_120' title='bbox 386 1717 517 1776; x_wconf 89' lang='lat' dir='ltr'>nuntium</span> <span class='ocrx_word' id='word_1_121' title='bbox 531 1715 586 1775; x_wconf 89' lang='lat' dir='ltr'>Dei</span> <span class='ocrx_word' id='word_1_122' title='bbox 601 1715 766 1789; x_wconf 87' lang='lat' dir='ltr'>acceperint</span> <span class='ocrx_word' id='word_1_123' title='bbox 780 1715 829 1774; x_wconf 93' lang='lat' dir='ltr'>ubi</span> <span class='ocrx_word' id='word_1_124' title='bbox 856 1715 949 1790; x_wconf 92' lang='lat' dir='ltr'>primo</span> <span class='ocrx_word' id='word_1_125' title='bbox 971 1716 1006 1775; x_wconf 91' lang='lat' dir='ltr'>iis</span> <span class='ocrx_word' id='word_1_126' title='bbox 1028 1716 1255 1791; x_wconf 87' lang='lat' dir='ltr'>praedicaverit:</span> <span class='ocrx_word' id='word_1_127' title='bbox 1292 1715 1446 1776; x_wconf 88' lang='lat' dir='ltr'>laudantur</span> 
     </span>
     <span class='ocr_line' id='line_1_14' title="bbox 268 1815 1443 1902; baseline 0.002 -22"><span class='ocrx_word' id='word_1_128' title='bbox 268 1827 389 1895; x_wconf 90' lang='lat' dir='ltr'>propter</span> <span class='ocrx_word' id='word_1_129' title='bbox 415 1820 560 1879; x_wconf 89' lang='lat' dir='ltr'>actionem</span> <span class='ocrx_word' id='word_1_130' title='bbox 588 1817 670 1892; x_wconf 85' lang='lat' dir='ltr'>fidei,</span> <span class='ocrx_word' id='word_1_131' title='bbox 700 1817 737 1882; x_wconf 89' lang='lat' dir='ltr'>cl.</span> <span class='ocrx_word' id='word_1_132' title='bbox 759 1819 788 1896; x_wconf 82' lang='lat'>5,</span> <span class='ocrx_word' id='word_1_133' title='bbox 811 1815 839 1877; x_wconf 79' lang='grc'>7.</span> <span class='ocrx_word' id='word_1_134' title='bbox 883 1819 996 1880; x_wconf 89' lang='lat' dir='ltr'>Dicit-ur</span> <span class='ocrx_word' id='word_1_135' title='bbox 1018 1815 1117 1894; x_wconf 81' lang='grc' dir='ltr'>πίστις</span> <span class='ocrx_word' id='word_1_136' title='bbox 1140 1820 1168 1896; x_wconf 90' lang='grc'>5,</span> <span class='ocrx_word' id='word_1_137' title='bbox 1192 1824 1210 1878; x_wconf 94' lang='grc'><strong>6</strong></span> <span class='ocrx_word' id='word_1_138' title='bbox 1234 1817 1443 1902; x_wconf 54' lang='lat' dir='ltr'>&amp;asprenatum</span> 
     </span>
     <span class='ocr_line' id='line_1_15' title="bbox 267 1921 1442 1998; baseline 0 -17"><span class='ocrx_word' id='word_1_139' title='bbox 267 1923 402 1982; x_wconf 88' lang='lat' dir='ltr'>laudatur</span> <span class='ocrx_word' id='word_1_140' title='bbox 434 1922 517 1983; x_wconf 91' lang='lat' dir='ltr'>Rom.</span> <span class='ocrx_word' id='word_1_141' title='bbox 543 1922 570 1996; x_wconf 95' lang='lat' dir='ltr'>l,</span> <span class='ocrx_word' id='word_1_142' title='bbox 593 1922 666 1986; x_wconf 78' lang='lat' dir='ltr'>tiss.</span> <span class='ocrx_word' id='word_1_143' title='bbox 700 1921 801 1981; x_wconf 90' lang='lat' dir='ltr'>eodem</span> <span class='ocrx_word' id='word_1_144' title='bbox 835 1922 921 1982; x_wconf 91' lang='lat' dir='ltr'>modo</span> <span class='ocrx_word' id='word_1_145' title='bbox 954 1939 1009 1998; x_wconf 92' lang='lat' dir='ltr'>quo</span> <span class='ocrx_word' id='word_1_146' title='bbox 1042 1924 1066 1984; x_wconf 91' lang='lat'>1.</span> <span class='ocrx_word' id='word_1_147' title='bbox 1094 1922 1194 1985; x_wconf 84' lang='lat' dir='ltr'>Thess.</span> <span class='ocrx_word' id='word_1_148' title='bbox 1220 1924 1312 1998; x_wconf 86' lang='lat'>1,8.,</span> <span class='ocrx_word' id='word_1_149' title='bbox 1336 1922 1442 1982; x_wconf 90' lang='lat' dir='ltr'>dicitur</span> 
     </span>
     <span class='ocr_line' id='line_1_16' title="bbox 268 2024 1444 2100; baseline -0.001 -15"><span class='ocrx_word' id='word_1_150' title='bbox 268 2026 445 2100; x_wconf 80' lang='lat' dir='ltr'>evangelium</span> <span class='ocrx_word' id='word_1_151' title='bbox 460 2027 543 2088; x_wconf 87' lang='lat' dir='ltr'>Rom.</span> <span class='ocrx_word' id='word_1_152' title='bbox 568 2026 595 2098; x_wconf 80' lang='lat'>2,</span> <span class='ocrx_word' id='word_1_153' title='bbox 620 2026 659 2083; x_wconf 88' lang='grc'>16</span> <span class='ocrx_word' id='word_1_154' title='bbox 682 2041 797 2099; x_wconf 90' lang='lat' dir='ltr'>norma,</span> <span class='ocrx_word' id='word_1_155' title='bbox 820 2025 975 2085; x_wconf 90' lang='lat' dir='ltr'>secuudum</span> <span class='ocrx_word' id='word_1_156' title='bbox 997 2043 1083 2100; x_wconf 89' lang='lat' dir='ltr'>quam</span> <span class='ocrx_word' id='word_1_157' title='bbox 1105 2042 1203 2086; x_wconf 90' lang='lat' dir='ltr'>omnes</span> <span class='ocrx_word' id='word_1_158' title='bbox 1225 2024 1444 2098; x_wconf 81' lang='lat' dir='ltr'>hominesjudi-</span> 
     </span>
     <span class='ocr_line' id='line_1_17' title="bbox 268 2127 1444 2204; baseline -0.002 -16"><span class='ocrx_word' id='word_1_159' title='bbox 268 2134 381 2203; x_wconf 88' lang='lat' dir='ltr'>centur,</span> <span class='ocrx_word' id='word_1_160' title='bbox 411 2134 443 2189; x_wconf 90' lang='lat' dir='ltr'>ut</span> <span class='ocrx_word' id='word_1_161' title='bbox 473 2133 625 2204; x_wconf 89' lang='lat' dir='ltr'>appareat,</span> <span class='ocrx_word' id='word_1_162' title='bbox 656 2127 796 2203; x_wconf 89' lang='lat' dir='ltr'>postulari</span> <span class='ocrx_word' id='word_1_163' title='bbox 826 2128 934 2203; x_wconf 90' lang='lat' dir='ltr'>aliquid</span> <span class='ocrx_word' id='word_1_164' title='bbox 966 2129 1003 2188; x_wconf 92' lang='lat' dir='ltr'>ab</span> <span class='ocrx_word' id='word_1_165' title='bbox 1034 2128 1196 2190; x_wconf 90' lang='lat' dir='ltr'>homiuibus</span> <span class='ocrx_word' id='word_1_166' title='bbox 1227 2130 1390 2204; x_wconf 82' lang='lat' dir='ltr'>euangeli03</span> <span class='ocrx_word' id='word_1_167' title='bbox 1419 2130 1444 2186; x_wconf 92' lang='lat' dir='ltr'>si</span> 
     </span>
     <span class='ocr_line' id='line_1_18' title="bbox 268 2230 1443 2308; baseline -0.002 -16"><span class='ocrx_word' id='word_1_168' title='bbox 268 2233 343 2293; x_wconf 92' lang='lat' dir='ltr'>enim</span> <span class='ocrx_word' id='word_1_169' title='bbox 365 2232 437 2291; x_wconf 89' lang='lat' dir='ltr'>nihil</span> <span class='ocrx_word' id='word_1_170' title='bbox 458 2230 668 2307; x_wconf 86' lang='lat' dir='ltr'>postularetur,</span> <span class='ocrx_word' id='word_1_171' title='bbox 691 2246 747 2288; x_wconf 91' lang='lat' dir='ltr'>non</span> <span class='ocrx_word' id='word_1_172' title='bbox 769 2236 888 2304; x_wconf 87' lang='lat' dir='ltr'>possent</span> <span class='ocrx_word' id='word_1_173' title='bbox 907 2232 1042 2303; x_wconf 89' lang='lat' dir='ltr'>judicari.</span> <span class='ocrx_word' id='word_1_174' title='bbox 1088 2231 1189 2292; x_wconf 87' lang='lat' dir='ltr'>Gratia</span> <span class='ocrx_word' id='word_1_175' title='bbox 1212 2249 1271 2293; x_wconf 90' lang='lat' dir='ltr'>non</span> <span class='ocrx_word' id='word_1_176' title='bbox 1289 2233 1443 2308; x_wconf 90' lang='lat' dir='ltr'>opponitur</span> 
     </span>
     <span class='ocr_line' id='line_1_19' title="bbox 268 2333 1444 2410; baseline 0 -15"><span class='ocrx_word' id='word_1_177' title='bbox 268 2335 346 2395; x_wconf 92' lang='lat' dir='ltr'>omui</span> <span class='ocrx_word' id='word_1_178' title='bbox 357 2336 463 2395; x_wconf 88' lang='lat' dir='ltr'>actioni</span> <span class='ocrx_word' id='word_1_179' title='bbox 475 2335 619 2409; x_wconf 88' lang='lat' dir='ltr'>spirituali</span> <span class='ocrx_word' id='word_1_180' title='bbox 629 2333 777 2408; x_wconf 86' lang='lat' dir='ltr'>humanae,</span> <span class='ocrx_word' id='word_1_181' title='bbox 788 2334 838 2393; x_wconf 87' lang='lat' dir='ltr'>sed</span> <span class='ocrx_word' id='word_1_182' title='bbox 849 2335 985 2409; x_wconf 88' lang='lat' dir='ltr'>operibus</span> <span class='ocrx_word' id='word_1_183' title='bbox 996 2337 1068 2410; x_wconf 81' lang='lat' dir='ltr'>logis</span> <span class='ocrx_word' id='word_1_184' title='bbox 1085 2343 1114 2396; x_wconf 90' lang='lat' dir='ltr'>et</span> <span class='ocrx_word' id='word_1_185' title='bbox 1126 2338 1242 2409; x_wconf 89' lang='lat' dir='ltr'>meritu;</span> <span class='ocrx_word' id='word_1_186' title='bbox 1256 2338 1342 2395; x_wconf 90' lang='lat' dir='ltr'>immo</span> <span class='ocrx_word' id='word_1_187' title='bbox 1357 2352 1444 2410; x_wconf 87' lang='lat' dir='ltr'>saepe</span> 
     </span>
     <span class='ocr_line' id='line_1_20' title="bbox 268 2436 1443 2518; baseline 0.001 -21"><span class='ocrx_word' id='word_1_188' title='bbox 268 2455 304 2498; x_wconf 85' lang='lat' dir='ltr'>ex</span> <span class='ocrx_word' id='word_1_189' title='bbox 318 2438 403 2498; x_wconf 87' lang='lat' dir='ltr'>laude</span> <span class='ocrx_word' id='word_1_190' title='bbox 417 2439 530 2518; x_wconf 82' lang='lat' dir='ltr'>gratiae</span> <span class='ocrx_word' id='word_1_191' title='bbox 542 2437 581 2497; x_wconf 89' lang='lat' dir='ltr'>ad</span> <span class='ocrx_word' id='word_1_192' title='bbox 592 2436 808 2496; x_wconf 87' lang='lat' dir='ltr'>adhortationes</span> <span class='ocrx_word' id='word_1_193' title='bbox 821 2438 1032 2513; x_wconf 85' lang='lat' dir='ltr'>transgreditur</span> <span class='ocrx_word' id='word_1_194' title='bbox 1048 2441 1203 2514; x_wconf 88' lang='lat' dir='ltr'>apostolus,</span> <span class='ocrx_word' id='word_1_195' title='bbox 1215 2454 1233 2498; x_wconf 89' lang='lat' dir='ltr'>a</span> <span class='ocrx_word' id='word_1_196' title='bbox 1247 2439 1331 2499; x_wconf 90' lang='lat' dir='ltr'>laude</span> <span class='ocrx_word' id='word_1_197' title='bbox 1347 2440 1443 2513; x_wconf 88' lang='lat' dir='ltr'>operis</span> 
     </span>
     <span class='ocr_line' id='line_1_21' title="bbox 268 2541 1445 2618; baseline -0.001 -16"><span class='ocrx_word' id='word_1_198' title='bbox 268 2543 324 2602; x_wconf 88' lang='lat' dir='ltr'>Dei</span> <span class='ocrx_word' id='word_1_199' title='bbox 346 2543 383 2601; x_wconf 88' lang='lat' dir='ltr'>ud</span> <span class='ocrx_word' id='word_1_200' title='bbox 411 2541 611 2617; x_wconf 88' lang='lat' dir='ltr'>postulandam</span> <span class='ocrx_word' id='word_1_201' title='bbox 632 2541 754 2600; x_wconf 91' lang='lat' dir='ltr'>hominis</span> <span class='ocrx_word' id='word_1_202' title='bbox 770 2542 924 2613; x_wconf 87' lang='lat' dir='ltr'>actionem,</span> <span class='ocrx_word' id='word_1_203' title='bbox 947 2542 1026 2600; x_wconf 87' lang='lat' dir='ltr'>velut</span> <span class='ocrx_word' id='word_1_204' title='bbox 1041 2541 1104 2603; x_wconf 89' lang='lat' dir='ltr'>Gal.</span> <span class='ocrx_word' id='word_1_205' title='bbox 1121 2543 1149 2618; x_wconf 81' lang='grc'>2,</span> <span class='ocrx_word' id='word_1_206' title='bbox 1165 2543 1278 2618; x_wconf 83' lang='grc'><strong>21-3,</strong></span> <span class='ocrx_word' id='word_1_207' title='bbox 1297 2543 1323 2605; x_wconf 91' lang='lat' dir='ltr'>l.</span> <span class='ocrx_word' id='word_1_208' title='bbox 1353 2541 1445 2602; x_wconf 83' lang='lat' dir='ltr'>Simili</span> 
     </span>
     <span class='ocr_line' id='line_1_22' title="bbox 267 2638 1444 2721; baseline 0.001 -17"><span class='ocrx_word' id='word_1_209' title='bbox 267 2645 353 2704; x_wconf 90' lang='lat' dir='ltr'>modo</span> <span class='ocrx_word' id='word_1_210' title='bbox 383 2645 467 2706; x_wconf 90' lang='lat' dir='ltr'>Rom.</span> <span class='ocrx_word' id='word_1_211' title='bbox 491 2646 519 2718; x_wconf 87' lang='lat'>3,</span> <span class='ocrx_word' id='word_1_212' title='bbox 543 2644 593 2704; x_wconf 77' lang='lat'>22.</span> <span class='ocrx_word' id='word_1_213' title='bbox 617 2645 657 2702; x_wconf 80' lang='grc'>28</span> <span class='ocrx_word' id='word_1_214' title='bbox 689 2643 805 2703; x_wconf 88' lang='lat' dir='ltr'>vocibus</span> <span class='ocrx_word' id='word_1_215' title='bbox 835 2638 1029 2717; x_wconf 77' lang='grc' dir='ltr'>πιστεύοντας</span> <span class='ocrx_word' id='word_1_216' title='bbox 1050 2651 1081 2704; x_wconf 86' lang='lat' dir='ltr'>et</span> <span class='ocrx_word' id='word_1_217' title='bbox 1103 2641 1199 2708; x_wconf 84' lang='grc' dir='ltr'>πίστει</span> <span class='ocrx_word' id='word_1_218' title='bbox 1221 2663 1288 2721; x_wconf 89' lang='lat' dir='ltr'>pars</span> <span class='ocrx_word' id='word_1_219' title='bbox 1310 2646 1444 2721; x_wconf 91' lang='lat' dir='ltr'>humana,</span> 
     </span>
     <span class='ocr_line' id='line_1_23' title="bbox 266 2740 1442 2830; baseline -0.002 -20"><span class='ocrx_word' id='word_1_220' title='bbox 266 2748 362 2810; x_wconf 89' lang='lat' dir='ltr'>verbis</span> <span class='ocrx_word' id='word_1_221' title='bbox 386 2742 498 2830; x_wconf 73' lang='grc' dir='ltr'>δωρεὰν</span> <span class='ocrx_word' id='word_1_222' title='bbox 519 2747 560 2829; x_wconf 74' lang='grc' dir='ltr'>τῆ</span> <span class='ocrx_word' id='word_1_223' title='bbox 581 2740 670 2809; x_wconf 77' lang='grc' dir='ltr'>αὐτοῦ</span> <span class='ocrx_word' id='word_1_224' title='bbox 691 2742 791 2829; x_wconf 79' lang='grc' dir='ltr'>χάριτι</span> <span class='ocrx_word' id='word_1_225' title='bbox 814 2767 841 2806; x_wconf 88' lang='grc' dir='ltr'>ν.</span> <span class='ocrx_word' id='word_1_226' title='bbox 861 2748 901 2807; x_wconf 81' lang='lat'>24</span> <span class='ocrx_word' id='word_1_227' title='bbox 927 2766 994 2822; x_wconf 92' lang='lat' dir='ltr'>pars</span> <span class='ocrx_word' id='word_1_228' title='bbox 1026 2747 1122 2808; x_wconf 88' lang='lat' dir='ltr'>divina</span> <span class='ocrx_word' id='word_1_229' title='bbox 1150 2749 1342 2824; x_wconf 63' lang='lat' dir='ltr'>significatum</span> <span class='ocrx_word' id='word_1_230' title='bbox 1371 2751 1442 2810; x_wconf 87' lang='lat' dir='ltr'>item</span> 
     </span>
     <span class='ocr_line' id='line_1_24' title="bbox 267 2845 1443 2933; baseline 0.003 -23"><span class='ocrx_word' id='word_1_231' title='bbox 267 2853 296 2929; x_wconf 91' lang='lat'>4,</span> <span class='ocrx_word' id='word_1_232' title='bbox 322 2853 372 2910; x_wconf 85' lang='lat'>16:</span> <span class='ocrx_word' id='word_1_233' title='bbox 402 2849 438 2913; x_wconf 80' lang='grc' dir='ltr'>ἐκ</span> <span class='ocrx_word' id='word_1_234' title='bbox 459 2847 588 2923; x_wconf 85' lang='grc' dir='ltr'>πίστεως</span> <span class='ocrx_word' id='word_1_235' title='bbox 608 2845 658 2912; x_wconf 74' lang='grc' dir='ltr'>ἵνα</span> <span class='ocrx_word' id='word_1_236' title='bbox 680 2845 764 2913; x_wconf 85' lang='grc' dir='ltr'>κατὰ</span> <span class='ocrx_word' id='word_1_237' title='bbox 777 2847 873 2933; x_wconf 83' lang='grc' dir='ltr'>χάριν.</span> <span class='ocrx_word' id='word_1_238' title='bbox 917 2847 940 2912; x_wconf 93' lang='grc' dir='ltr'>Ι.</span> <span class='ocrx_word' id='word_1_239' title='bbox 957 2851 1022 2912; x_wconf 82' lang='lat' dir='ltr'>Gor.</span> <span class='ocrx_word' id='word_1_240' title='bbox 1041 2852 1087 2927; x_wconf 90' lang='lat'>14,</span> <span class='ocrx_word' id='word_1_241' title='bbox 1104 2853 1153 2914; x_wconf 78' lang='lat'>24.</span> <span class='ocrx_word' id='word_1_242' title='bbox 1171 2853 1210 2913; x_wconf 79' lang='lat'>25</span> <span class='ocrx_word' id='word_1_243' title='bbox 1227 2853 1443 2914; x_wconf 89' lang='lat' dir='ltr'>accuratissime</span> 
     </span>
     <span class='ocr_line' id='line_1_25' title="bbox 268 2953 1442 3031; baseline 0.002 -17"><span class='ocrx_word' id='word_1_244' title='bbox 268 2962 298 3015; x_wconf 86' lang='lat' dir='ltr'>et</span> <span class='ocrx_word' id='word_1_245' title='bbox 318 2955 510 3030; x_wconf 88' lang='lat' dir='ltr'>pulcherrime</span> <span class='ocrx_word' id='word_1_246' title='bbox 533 2953 716 3028; x_wconf 78' lang='lat' dir='ltr'>describitur,</span> <span class='ocrx_word' id='word_1_247' title='bbox 740 2956 882 3029; x_wconf 90' lang='lat' dir='ltr'>quomodo</span> <span class='ocrx_word' id='word_1_248' title='bbox 905 2956 1007 3029; x_wconf 89' lang='lat' dir='ltr'>aliquis</span> <span class='ocrx_word' id='word_1_249' title='bbox 1030 2956 1066 3014; x_wconf 91' lang='lat' dir='ltr'>ad</span> <span class='ocrx_word' id='word_1_250' title='bbox 1089 2954 1175 3016; x_wconf 89' lang='lat' dir='ltr'>fidem</span> <span class='ocrx_word' id='word_1_251' title='bbox 1197 2956 1442 3031; x_wconf 85' lang='lat' dir='ltr'>transgrediatur:</span> 
     </span>
     <span class='ocr_line' id='line_1_26' title="bbox 267 3056 1444 3131; baseline 0.002 -13"><span class='ocrx_word' id='word_1_252' title='bbox 267 3058 487 3118; x_wconf 86' lang='lat' dir='ltr'>describituruis</span> <span class='ocrx_word' id='word_1_253' title='bbox 497 3056 579 3117; x_wconf 86' lang='lat' dir='ltr'>uerbi</span> <span class='ocrx_word' id='word_1_254' title='bbox 588 3057 749 3131; x_wconf 88' lang='lat' dir='ltr'>praedicati</span> <span class='ocrx_word' id='word_1_255' title='bbox 757 3057 900 3118; x_wconf 92' lang='lat' dir='ltr'>hominem</span> <span class='ocrx_word' id='word_1_256' title='bbox 910 3059 1116 3118; x_wconf 85' lang='lat' dir='ltr'>convincentis:</span> <span class='ocrx_word' id='word_1_257' title='bbox 1132 3059 1444 3120; x_wconf 87' lang='lat' dir='ltr'>revelatasuntiutima</span> 
     </span>
    </p>
   </div>
   <div class='ocr_carea' id='block_1_3' title="bbox 266 3206 1443 4484">
    <p class='ocr_par' dir='ltr' id='par_1_3' title="bbox 266 3206 1443 4484">
     <span class='ocr_line' id='line_1_27' title="bbox 268 3206 1443 3279; baseline 0 -20"><span class='ocrx_word' id='word_1_258' title='bbox 268 3214 304 3279; x_wconf 83' lang='lat' dir='ltr'>II,</span> <span class='ocrx_word' id='word_1_259' title='bbox 318 3227 345 3277; x_wconf 84' lang='lat' dir='ltr'>p.</span> <span class='ocrx_word' id='word_1_260' title='bbox 364 3209 456 3263; x_wconf 67' lang='lat'><em>320⁸:</em></span> <span class='ocrx_word' id='word_1_261' title='bbox 480 3211 529 3260; x_wconf 80' lang='lat' dir='ltr'>aiae</span> <span class='ocrx_word' id='word_1_262' title='bbox 546 3209 594 3258; x_wconf 82' lang='lat' dir='ltr'>Art</span> <span class='ocrx_word' id='word_1_263' title='bbox 612 3209 653 3258; x_wconf 80' lang='lat' dir='ltr'>deo</span> <span class='ocrx_word' id='word_1_264' title='bbox 673 3207 820 3260; x_wconf 80' lang='lat' dir='ltr'>Gelorsams.</span> <span class='ocrx_word' id='word_1_265' title='bbox 857 3206 1001 3278; x_wconf 80' lang='lat' dir='ltr'>Pller&#39;dcrer,</span> <span class='ocrx_word' id='word_1_266' title='bbox 1020 3210 1037 3263; x_wconf 92' lang='lat' dir='ltr'>l.</span> <span class='ocrx_word' id='word_1_267' title='bbox 1057 3225 1079 3264; x_wconf 86' lang='lat' dir='ltr'>c.</span> <span class='ocrx_word' id='word_1_268' title='bbox 1097 3226 1123 3279; x_wconf 92' lang='lat' dir='ltr'>p.</span> <span class='ocrx_word' id='word_1_269' title='bbox 1143 3209 1205 3264; x_wconf 69' lang='lat'>164:</span> <span class='ocrx_word' id='word_1_270' title='bbox 1230 3211 1443 3262; x_wconf 69' lang='lat' dir='ltr'>aiullaoretracher</span> 
     </span>
     <span class='ocr_line' id='line_1_28' title="bbox 267 3293 1441 3365; baseline 0.002 -17"><span class='ocrx_word' id='word_1_271' title='bbox 267 3298 329 3365; x_wconf 71' lang='lat' dir='ltr'>Ales,</span> <span class='ocrx_word' id='word_1_272' title='bbox 346 3316 371 3362; x_wconf 84' lang='lat' dir='ltr'>p.</span> <span class='ocrx_word' id='word_1_273' title='bbox 392 3296 454 3349; x_wconf 84' lang='lat'><em>165:</em></span> <span class='ocrx_word' id='word_1_274' title='bbox 480 3297 517 3346; x_wconf 80' lang='lat' dir='ltr'>ein</span> <span class='ocrx_word' id='word_1_275' title='bbox 547 3293 737 3347; x_wconf 76' lang='lat' dir='ltr'>Gelorramsalce.</span> <span class='ocrx_word' id='word_1_276' title='bbox 782 3293 824 3348; x_wconf 87' lang='lat' dir='ltr'>Ne</span> <span class='ocrx_word' id='word_1_277' title='bbox 856 3293 932 3346; x_wconf 78' lang='lat' dir='ltr'>Weiss</span> <span class='ocrx_word' id='word_1_278' title='bbox 959 3295 1079 3364; x_wconf 90' lang='lat' dir='ltr'>quidem,</span> <span class='ocrx_word' id='word_1_279' title='bbox 1106 3312 1133 3364; x_wconf 92' lang='lat' dir='ltr'>p.</span> <span class='ocrx_word' id='word_1_280' title='bbox 1151 3295 1202 3350; x_wconf 80' lang='lat'>320</span> <span class='ocrx_word' id='word_1_281' title='bbox 1231 3311 1333 3350; x_wconf 88' lang='lat' dir='ltr'>summo</span> <span class='ocrx_word' id='word_1_282' title='bbox 1351 3296 1441 3350; x_wconf 88' lang='lat' dir='ltr'>studio</span> 
     </span>
     <span class='ocr_line' id='line_1_29' title="bbox 267 3379 1442 3451; baseline 0 -15"><span class='ocrx_word' id='word_1_283' title='bbox 267 3396 369 3450; x_wconf 82' lang='lat' dir='ltr'>negans</span> <span class='ocrx_word' id='word_1_284' title='bbox 394 3381 476 3436; x_wconf 84' lang='lat' dir='ltr'>fidem</span> <span class='ocrx_word' id='word_1_285' title='bbox 494 3396 554 3436; x_wconf 88' lang='lat' dir='ltr'>esse</span> <span class='ocrx_word' id='word_1_286' title='bbox 572 3379 689 3450; x_wconf 82' lang='lat' dir='ltr'>„Tlun,“</span> <span class='ocrx_word' id='word_1_287' title='bbox 710 3380 879 3448; x_wconf 74' lang='lat' dir='ltr'>„masellicle</span> <span class='ocrx_word' id='word_1_288' title='bbox 904 3381 1046 3450; x_wconf 73' lang='lat' dir='ltr'>Leismuq‚“</span> <span class='ocrx_word' id='word_1_289' title='bbox 1069 3382 1162 3449; x_wconf 88' lang='lat' dir='ltr'>noquit</span> <span class='ocrx_word' id='word_1_290' title='bbox 1180 3383 1284 3451; x_wconf 77' lang='lat' dir='ltr'>fficere,</span> <span class='ocrx_word' id='word_1_291' title='bbox 1303 3397 1363 3436; x_wconf 85' lang='lat' dir='ltr'>sam</span> <span class='ocrx_word' id='word_1_292' title='bbox 1381 3397 1442 3436; x_wconf 89' lang='lat' dir='ltr'>esse</span> 
     </span>
     <span class='ocr_line' id='line_1_30' title="bbox 273 3465 1442 3538; baseline 0.003 -19"><span class='ocrx_word' id='word_1_293' title='bbox 273 3469 473 3538; x_wconf 67' lang='lat' dir='ltr'>Versicltleaua,</span> <span class='ocrx_word' id='word_1_294' title='bbox 505 3468 645 3534; x_wconf 75' lang='lat' dir='ltr'>Verrruuen,</span> <span class='ocrx_word' id='word_1_295' title='bbox 676 3466 865 3534; x_wconf 74' lang='lat' dir='ltr'>(lebazeapunp,</span> <span class='ocrx_word' id='word_1_296' title='bbox 893 3465 954 3521; x_wconf 86' lang='lat' dir='ltr'>alia.</span> <span class='ocrx_word' id='word_1_297' title='bbox 996 3467 1093 3522; x_wconf 86' lang='lat' dir='ltr'>Nonne</span> <span class='ocrx_word' id='word_1_298' title='bbox 1115 3468 1185 3523; x_wconf 90' lang='lat' dir='ltr'>haec</span> <span class='ocrx_word' id='word_1_299' title='bbox 1208 3469 1297 3523; x_wconf 91' lang='lat' dir='ltr'>omnia</span> <span class='ocrx_word' id='word_1_300' title='bbox 1320 3468 1442 3523; x_wconf 86' lang='lat' dir='ltr'>actiones</span> 
     </span>
     <span class='ocr_line' id='line_1_31' title="bbox 267 3551 1442 3623; baseline -0.001 -15"><span class='ocrx_word' id='word_1_301' title='bbox 267 3553 424 3623; x_wconf 88' lang='lat' dir='ltr'>spirituales</span> <span class='ocrx_word' id='word_1_302' title='bbox 442 3553 558 3608; x_wconf 90' lang='lat' dir='ltr'>hominis</span> <span class='ocrx_word' id='word_1_303' title='bbox 577 3559 639 3606; x_wconf 86' lang='lat' dir='ltr'>sunt</span> <span class='ocrx_word' id='word_1_304' title='bbox 656 3555 705 3606; x_wconf 89' lang='lat' dir='ltr'>aut</span> <span class='ocrx_word' id='word_1_305' title='bbox 723 3557 798 3606; x_wconf 85' lang='lat' dir='ltr'>corte</span> <span class='ocrx_word' id='word_1_306' title='bbox 815 3551 873 3606; x_wconf 85' lang='lat' dir='ltr'>sine</span> <span class='ocrx_word' id='word_1_307' title='bbox 891 3552 998 3606; x_wconf 88' lang='lat' dir='ltr'>actione</span> <span class='ocrx_word' id='word_1_308' title='bbox 1016 3553 1134 3607; x_wconf 89' lang='lat' dir='ltr'>humana</span> <span class='ocrx_word' id='word_1_309' title='bbox 1157 3553 1218 3609; x_wconf 90' lang='lat' dir='ltr'>fieri</span> <span class='ocrx_word' id='word_1_310' title='bbox 1234 3570 1290 3608; x_wconf 91' lang='lat' dir='ltr'>non</span> <span class='ocrx_word' id='word_1_311' title='bbox 1307 3555 1442 3623; x_wconf 83' lang='lat' dir='ltr'>possunt?</span> 
     </span>
     <span class='ocr_line' id='line_1_32' title="bbox 267 3637 1440 3707; baseline -0.002 -13"><span class='ocrx_word' id='word_1_312' title='bbox 267 3642 310 3694; x_wconf 83' lang='lat' dir='ltr'>An</span> <span class='ocrx_word' id='word_1_313' title='bbox 329 3640 527 3707; x_wconf 84' lang='lat' dir='ltr'>existimamus,</span> <span class='ocrx_word' id='word_1_314' title='bbox 545 3654 593 3693; x_wconf 91' lang='lat' dir='ltr'>nos</span> <span class='ocrx_word' id='word_1_315' title='bbox 611 3637 720 3706; x_wconf 91' lang='lat' dir='ltr'>quidem</span> <span class='ocrx_word' id='word_1_316' title='bbox 737 3638 821 3706; x_wconf 86' lang='lat' dir='ltr'>scire,</span> <span class='ocrx_word' id='word_1_317' title='bbox 837 3638 953 3692; x_wconf 91' lang='lat' dir='ltr'>Paulum</span> <span class='ocrx_word' id='word_1_318' title='bbox 970 3653 1033 3692; x_wconf 88' lang='lat' dir='ltr'>vero</span> <span class='ocrx_word' id='word_1_319' title='bbox 1045 3655 1099 3692; x_wconf 88' lang='lat' dir='ltr'>non</span> <span class='ocrx_word' id='word_1_320' title='bbox 1117 3639 1285 3694; x_wconf 87' lang='lat' dir='ltr'>intellexisse</span> <span class='ocrx_word' id='word_1_321' title='bbox 1304 3641 1440 3695; x_wconf 89' lang='lat' dir='ltr'>actionem</span> 
     </span>
     <span class='ocr_line' id='line_1_33' title="bbox 269 3722 1441 3793; baseline -0.003 -14"><span class='ocrx_word' id='word_1_322' title='bbox 269 3725 432 3782; x_wconf 71' lang='lat' dir='ltr'>humanam?</span> <span class='ocrx_word' id='word_1_323' title='bbox 457 3725 578 3792; x_wconf 69' lang='lat' dir='ltr'>Philippi,</span> <span class='ocrx_word' id='word_1_324' title='bbox 599 3723 791 3792; x_wconf 76' lang='lat' dir='ltr'>Gluubeaolclou,</span> <span class='ocrx_word' id='word_1_325' title='bbox 811 3723 833 3792; x_wconf 90' lang='lat' dir='ltr'>I,</span> <span class='ocrx_word' id='word_1_326' title='bbox 851 3722 928 3792; x_wconf 81' lang='lat'>1864,</span> <span class='ocrx_word' id='word_1_327' title='bbox 942 3743 969 3789; x_wconf 81' lang='lat' dir='ltr'>p.</span> <span class='ocrx_word' id='word_1_328' title='bbox 989 3724 1023 3775; x_wconf 81' lang='grc'>49</span> <span class='ocrx_word' id='word_1_329' title='bbox 1034 3742 1069 3776; x_wconf 83' lang='lat' dir='ltr'>aa:</span> <span class='ocrx_word' id='word_1_330' title='bbox 1095 3724 1238 3793; x_wconf 63' lang='lat' dir='ltr'>„thaadaor</span> <span class='ocrx_word' id='word_1_331' title='bbox 1255 3727 1297 3776; x_wconf 81' lang='lat' dir='ltr'>dau</span> <span class='ocrx_word' id='word_1_332' title='bbox 1314 3727 1441 3778; x_wconf 81' lang='lat' dir='ltr'>erkenuea-</span> 
     </span>
     <span class='ocr_line' id='line_1_34' title="bbox 269 3808 1439 3880; baseline 0.003 -17"><span class='ocrx_word' id='word_1_333' title='bbox 269 3814 314 3864; x_wconf 82' lang='lat' dir='ltr'>dea</span> <span class='ocrx_word' id='word_1_334' title='bbox 331 3813 381 3863; x_wconf 83' lang='lat' dir='ltr'>aad</span> <span class='ocrx_word' id='word_1_335' title='bbox 397 3812 525 3863; x_wconf 82' lang='lat' dir='ltr'>wollcudea</span> <span class='ocrx_word' id='word_1_336' title='bbox 543 3809 781 3877; x_wconf 73' lang='lat' dir='ltr'>Mcusckcupeistca,“</span> <span class='ocrx_word' id='word_1_337' title='bbox 799 3815 898 3865; x_wconf 81' lang='lat' dir='ltr'>notans</span> <span class='ocrx_word' id='word_1_338' title='bbox 916 3808 1029 3878; x_wconf 69' lang='grc' dir='ltr'>ὖπακοήν</span> <span class='ocrx_word' id='word_1_339' title='bbox 1048 3811 1124 3867; x_wconf 88' lang='lat' dir='ltr'>Rom.</span> <span class='ocrx_word' id='word_1_340' title='bbox 1144 3811 1167 3880; x_wconf 91' lang='grc'>1,</span> <span class='ocrx_word' id='word_1_341' title='bbox 1185 3812 1202 3864; x_wconf 83' lang='grc'><strong>5</strong></span> <span class='ocrx_word' id='word_1_342' title='bbox 1221 3814 1257 3880; x_wconf 91' lang='lat' dir='ltr'>(p.</span> <span class='ocrx_word' id='word_1_343' title='bbox 1275 3811 1323 3878; x_wconf 54' lang='grc'><strong>50),</strong></span> <span class='ocrx_word' id='word_1_344' title='bbox 1339 3818 1367 3866; x_wconf 85' lang='lat' dir='ltr'>at</span> <span class='ocrx_word' id='word_1_345' title='bbox 1382 3813 1439 3866; x_wconf 84' lang='lat' dir='ltr'>Jol.</span> 
     </span>
     <span class='ocr_line' id='line_1_35' title="bbox 271 3895 1442 3965; baseline 0.003 -16"><span class='ocrx_word' id='word_1_346' title='bbox 271 3899 428 3950; x_wconf 77' lang='lat' dir='ltr'>Gerlurdium</span> <span class='ocrx_word' id='word_1_347' title='bbox 447 3897 593 3964; x_wconf 88' lang='lat' dir='ltr'>dicentem,</span> <span class='ocrx_word' id='word_1_348' title='bbox 611 3895 706 3965; x_wconf 65' lang='lat' dir='ltr'>,iidem</span> <span class='ocrx_word' id='word_1_349' title='bbox 724 3911 784 3951; x_wconf 85' lang='lat' dir='ltr'>essa</span> <span class='ocrx_word' id='word_1_350' title='bbox 801 3896 830 3950; x_wconf 91' lang='lat' dir='ltr'>in</span> <span class='ocrx_word' id='word_1_351' title='bbox 849 3895 930 3950; x_wconf 90' lang='lat' dir='ltr'>corde</span> <span class='ocrx_word' id='word_1_352' title='bbox 949 3896 1078 3964; x_wconf 89' lang='lat' dir='ltr'>hominis,</span> <span class='ocrx_word' id='word_1_353' title='bbox 1095 3897 1149 3952; x_wconf 88' lang='lat' dir='ltr'>hoc</span> <span class='ocrx_word' id='word_1_354' title='bbox 1167 3904 1209 3952; x_wconf 88' lang='lat' dir='ltr'>est</span> <span class='ocrx_word' id='word_1_355' title='bbox 1225 3898 1254 3950; x_wconf 94' lang='lat' dir='ltr'>in</span> <span class='ocrx_word' id='word_1_356' title='bbox 1271 3897 1361 3952; x_wconf 88' lang='lat' dir='ltr'>animo</span> <span class='ocrx_word' id='word_1_357' title='bbox 1379 3904 1442 3952; x_wconf 84' lang='lat' dir='ltr'>tan-</span> 
     </span>
     <span class='ocr_line' id='line_1_36' title="bbox 267 3982 1441 4053; baseline -0.004 -15"><span class='ocrx_word' id='word_1_358' title='bbox 267 3999 346 4052; x_wconf 88' lang='lat' dir='ltr'>quam</span> <span class='ocrx_word' id='word_1_359' title='bbox 371 3983 482 4053; x_wconf 90' lang='lat' dir='ltr'>proprio</span> <span class='ocrx_word' id='word_1_360' title='bbox 509 3982 657 4050; x_wconf 85' lang='lat' dir='ltr'>subjecto.“</span> <span class='ocrx_word' id='word_1_361' title='bbox 701 3983 814 4050; x_wconf 79' lang='lat' dir='ltr'>Lerller,</span> <span class='ocrx_word' id='word_1_362' title='bbox 841 3982 1284 4052; x_wconf 66' lang='lat' dir='ltr'>Apocuzeirolrer,1851,p.67:</span> <span class='ocrx_word' id='word_1_363' title='bbox 1308 4003 1350 4053; x_wconf 84' lang='lat' dir='ltr'>„er</span> <span class='ocrx_word' id='word_1_364' title='bbox 1369 3987 1441 4050; x_wconf 76' lang='lat' dir='ltr'>fam</span> 
     </span>
     <span class='ocr_line' id='line_1_37' title="bbox 266 4068 1438 4138; baseline -0.001 -17"><span class='ocrx_word' id='word_1_365' title='bbox 266 4071 376 4121; x_wconf 77' lang='lat' dir='ltr'>uidmalr</span> <span class='ocrx_word' id='word_1_366' title='bbox 393 4072 431 4121; x_wconf 67' lang='grc' dir='ltr'>ἀεὶ</span> <span class='ocrx_word' id='word_1_367' title='bbox 447 4070 531 4132; x_wconf 83' lang='grc' dir='ltr'>πίστις</span> <span class='ocrx_word' id='word_1_368' title='bbox 548 4070 587 4120; x_wconf 84' lang='lat' dir='ltr'>uls</span> <span class='ocrx_word' id='word_1_369' title='bbox 605 4071 642 4119; x_wconf 81' lang='lat' dir='ltr'>cia</span> <span class='ocrx_word' id='word_1_370' title='bbox 658 4069 771 4119; x_wconf 78' lang='lat' dir='ltr'>silllr&#39;cllas</span> <span class='ocrx_word' id='word_1_371' title='bbox 788 4068 914 4138; x_wconf 81' lang='lat' dir='ltr'>Haudolu,</span> <span class='ocrx_word' id='word_1_372' title='bbox 931 4070 970 4120; x_wconf 64' lang='lat' dir='ltr'>uk</span> <span class='ocrx_word' id='word_1_373' title='bbox 987 4071 1037 4120; x_wconf 80' lang='lat' dir='ltr'>eine</span> <span class='ocrx_word' id='word_1_374' title='bbox 1053 4069 1116 4120; x_wconf 78' lang='grc' dir='ltr'>Τίσι</span> <span class='ocrx_word' id='word_1_375' title='bbox 1133 4071 1175 4120; x_wconf 81' lang='lat' dir='ltr'>des</span> <span class='ocrx_word' id='word_1_376' title='bbox 1193 4071 1288 4120; x_wconf 74' lang='lat' dir='ltr'>inuersa</span> <span class='ocrx_word' id='word_1_377' title='bbox 1302 4069 1438 4137; x_wconf 67' lang='lat' dir='ltr'>Mausolea,</span> 
     </span>
     <span class='ocr_line' id='line_1_38' title="bbox 266 4152 1439 4223; baseline 0 -15"><span class='ocrx_word' id='word_1_378' title='bbox 266 4158 305 4208; x_wconf 79' lang='lat' dir='ltr'>uls</span> <span class='ocrx_word' id='word_1_379' title='bbox 321 4158 358 4207; x_wconf 78' lang='lat' dir='ltr'>eia</span> <span class='ocrx_word' id='word_1_380' title='bbox 376 4152 510 4210; x_wconf 71' lang='grc' dir='ltr'>ὑπακούειν</span> <span class='ocrx_word' id='word_1_381' title='bbox 527 4156 557 4210; x_wconf 77' lang='grc' dir='ltr'>ἐκ</span> <span class='ocrx_word' id='word_1_382' title='bbox 573 4155 704 4223; x_wconf 79' lang='grc' dir='ltr'>καρδίας,“</span> <span class='ocrx_word' id='word_1_383' title='bbox 739 4155 831 4222; x_wconf 79' lang='lat' dir='ltr'>Reuss,</span> <span class='ocrx_word' id='word_1_384' title='bbox 849 4154 967 4209; x_wconf 86' lang='lat' dir='ltr'>Histoire</span> <span class='ocrx_word' id='word_1_385' title='bbox 985 4155 1019 4209; x_wconf 90' lang='lat' dir='ltr'>de</span> <span class='ocrx_word' id='word_1_386' title='bbox 1036 4155 1063 4208; x_wconf 93' lang='lat' dir='ltr'>la</span> <span class='ocrx_word' id='word_1_387' title='bbox 1079 4155 1215 4223; x_wconf 78' lang='lat' dir='ltr'>theologia</span> <span class='ocrx_word' id='word_1_388' title='bbox 1229 4155 1386 4210; x_wconf 78' lang='lat' dir='ltr'>chretienne</span> <span class='ocrx_word' id='word_1_389' title='bbox 1403 4171 1439 4208; x_wconf 88' lang='lat' dir='ltr'>au</span> 
     </span>
     <span class='ocr_line' id='line_1_39' title="bbox 267 4239 1439 4312; baseline -0.003 -16"><span class='ocrx_word' id='word_1_390' title='bbox 267 4242 346 4297; x_wconf 76' lang='lat' dir='ltr'>siecle</span> <span class='ocrx_word' id='word_1_391' title='bbox 364 4241 533 4312; x_wconf 88' lang='lat' dir='ltr'>apostolique</span> <span class='ocrx_word' id='word_1_392' title='bbox 551 4241 586 4309; x_wconf 89' lang='lat' dir='ltr'>H,</span> <span class='ocrx_word' id='word_1_393' title='bbox 599 4239 674 4308; x_wconf 80' lang='lat'>1864,</span> <span class='ocrx_word' id='word_1_394' title='bbox 687 4256 714 4308; x_wconf 91' lang='lat' dir='ltr'>p.</span> <span class='ocrx_word' id='word_1_395' title='bbox 727 4239 788 4294; x_wconf 89' lang='lat'>103:</span> <span class='ocrx_word' id='word_1_396' title='bbox 813 4257 850 4295; x_wconf 90' lang='lat' dir='ltr'>un</span> <span class='ocrx_word' id='word_1_397' title='bbox 862 4246 923 4295; x_wconf 86' lang='lat' dir='ltr'>acta</span> <span class='ocrx_word' id='word_1_398' title='bbox 940 4240 974 4295; x_wconf 87' lang='lat' dir='ltr'>de</span> <span class='ocrx_word' id='word_1_399' title='bbox 986 4241 1178 4309; x_wconf 83' lang='lat' dir='ltr'>l&#39;intelligeuco</span> <span class='ocrx_word' id='word_1_400' title='bbox 1192 4281 1198 4294; x_wconf 94' lang='lat'>.</span> <span class='ocrx_word' id='word_1_401' title='bbox 1212 4281 1219 4293; x_wconf 89' lang='lat'>.</span> <span class='ocrx_word' id='word_1_402' title='bbox 1232 4240 1268 4294; x_wconf 92' lang='lat' dir='ltr'>du</span> <span class='ocrx_word' id='word_1_403' title='bbox 1285 4241 1439 4309; x_wconf 86' lang='lat' dir='ltr'>sentiment,</span> 
     </span>
     <span class='ocr_line' id='line_1_40' title="bbox 266 4325 1439 4396; baseline -0.003 -14"><span class='ocrx_word' id='word_1_404' title='bbox 266 4329 300 4382; x_wconf 85' lang='lat' dir='ltr'>de</span> <span class='ocrx_word' id='word_1_405' title='bbox 317 4328 344 4382; x_wconf 73' lang='lat' dir='ltr'>la</span> <span class='ocrx_word' id='word_1_406' title='bbox 361 4328 475 4382; x_wconf 60' lang='lat' dir='ltr'>volunta.</span> <span class='ocrx_word' id='word_1_407' title='bbox 511 4328 614 4396; x_wconf 85' lang='lat' dir='ltr'>Ewald,</span> <span class='ocrx_word' id='word_1_408' title='bbox 638 4327 715 4377; x_wconf 71' lang='lat' dir='ltr'>Labra</span> <span class='ocrx_word' id='word_1_409' title='bbox 732 4345 775 4377; x_wconf 87' lang='lat' dir='ltr'>uun</span> <span class='ocrx_word' id='word_1_410' title='bbox 796 4325 862 4392; x_wconf 82' lang='lat' dir='ltr'>Gall,</span> <span class='ocrx_word' id='word_1_411' title='bbox 882 4326 935 4394; x_wconf 91' lang='lat' dir='ltr'>III,</span> <span class='ocrx_word' id='word_1_412' title='bbox 954 4325 1057 4380; x_wconf 75' lang='lat' dir='ltr'>259ss:</span> <span class='ocrx_word' id='word_1_413' title='bbox 1091 4329 1140 4378; x_wconf 82' lang='lat' dir='ltr'>ciac</span> <span class='ocrx_word' id='word_1_414' title='bbox 1158 4326 1251 4380; x_wconf 74' lang='lat' dir='ltr'>Maelii.</span> <span class='ocrx_word' id='word_1_415' title='bbox 1298 4326 1337 4380; x_wconf 82' lang='lat' dir='ltr'>Cf.</span> <span class='ocrx_word' id='word_1_416' title='bbox 1357 4327 1439 4380; x_wconf 80' lang='lat' dir='ltr'>etiam</span> 
     </span>
     <span class='ocr_line' id='line_1_41' title="bbox 267 4411 1084 4484; baseline -0.004 -16"><span class='ocrx_word' id='word_1_417' title='bbox 267 4415 383 4468; x_wconf 68' lang='lat' dir='ltr'>[aluisii</span> <span class='ocrx_word' id='word_1_418' title='bbox 397 4431 421 4468; x_wconf 91' lang='lat' dir='ltr'>v.</span> <span class='ocrx_word' id='word_1_419' title='bbox 440 4415 464 4468; x_wconf 94' lang='lat' dir='ltr'>d.</span> <span class='ocrx_word' id='word_1_420' title='bbox 484 4414 673 4484; x_wconf 82' lang='lat' dir='ltr'>dogmaticam,</span> <span class='ocrx_word' id='word_1_421' title='bbox 692 4413 726 4480; x_wconf 92' lang='lat' dir='ltr'>ll,</span> <span class='ocrx_word' id='word_1_422' title='bbox 745 4411 802 4467; x_wconf 78' lang='lat'>251.</span> <span class='ocrx_word' id='word_1_423' title='bbox 821 4412 871 4466; x_wconf 83' lang='lat'>268</span> <span class='ocrx_word' id='word_1_424' title='bbox 884 4427 918 4466; x_wconf 88' lang='lat' dir='ltr'>ss.</span> <span class='ocrx_word' id='word_1_425' title='bbox 1082 4415 1084 4420; x_wconf 88' lang='lat'>&#39;</span> 
     </span>
    </p>
   </div>
   <div class='ocr_carea' id='block_1_4' title="bbox 0 0 1584 4990">
    <p class='ocr_par' dir='ltr' id='par_1_4' title="bbox 0 0 1584 4990">
     <span class='ocr_line' id='line_1_42' title="bbox 0 0 1584 4990; baseline 0 0"><span class='ocrx_word' id='word_1_426' title='bbox 0 0 1584 4990; x_wconf 95' lang='lat' dir='ltr'> </span> 
     </span>
    </p>
   </div>
   <div class='ocr_carea' id='block_1_5' title="bbox 1578 2059 1581 2854">
    <p class='ocr_par' dir='ltr' id='par_1_5' title="bbox 1578 2059 1581 2854">
     <span class='ocr_line' id='line_1_43' title="bbox 1578 2059 1581 2854; baseline 0 0"><span class='ocrx_word' id='word_1_427' title='bbox 1578 2059 1581 2854; x_wconf 95' lang='lat' dir='ltr'> </span> 
     </span>
    </p>
   </div>
  </div>
 </body>
</html>
