3160 4990
752 347 965 406 ...26-

272 515 403 591 Denique
432 517 602 591 intelligitur
631 517 705 576 hano
730 517 963 590 Justifieationem
998 517 1062 577 fieri
1092 533 1127 578 ex
1157 534 1238 579 mern
1265 519 1321 578 liei
1350 521 1445 593 gratia

271 637 369 694 posse:
401 620 541 691 videmus,
573 636 624 679 our
658 621 826 695 saepissime
860 621 966 680 Paulus
999 617 1087 703 χάριν
1111 620 1185 684 teet
1227 622 1355 682 celebret
1382 622 1443 682 Gai.

275 726 300 794 1,
318 724 371 796 a1;
395 723 423 800 5,
446 723 478 794 43
500 724 583 783 Rom.
602 724 628 796 1,
652 724 680 795 7;
703 725 731 795 3,
754 725 809 796 24;
831 726 860 797 4,
885 727 938 795 16;
963 726 1011 797 11,
1034 727 1052 784 6
1076 725 1112 782 al.
1148 726 1242 802 Atque
1257 725 1311 784 hoo
1326 724 1443 798 dignum

273 833 317 886 est
339 826 416 902 quod
439 842 576 901 expresse
597 831 726 886 notetur:
755 826 785 885 in
803 828 1009 900 justificatione
1036 826 1187 900 justificari
1215 827 1370 904 hominem,
1398 829 1445 905 qui

272 945 368 991 eoram
392 930 454 989 Deo
476 929 547 990 nihii
569 931 666 990 valeat
693 931 821 1005 nihilque
851 932 942 1005 possit
974 930 1033 989 suis
1064 931 1152 1005 ipsius
1182 930 1303 1006 viribus,
1334 933 1382 1007 qui
1414 933 1445 990 in

271 1037 377 1094 statum
410 1033 541 1109 justitiae
576 1032 740 1107 transgredi
781 1039 906 1110 nequeat
940 1029 1049 1108 judioio
1087 1049 1201 1108 severo,
1245 1034 1296 1095 sed
1334 1038 1445 1094 tentum

272 1135 455 1198 absolutorio.
499 1136 554 1196 Est
578 1136 669 1210 igitur
695 1141 725 1195 et
750 1141 847 1198 manet
865 1136 1032 1212 iustificatio
1053 1141 1133 1197 aetus
1156 1137 1365 1197 declaraturius
1386 1138 1445 1196 Dei

271 1238 348 1316 apud
369 1239 491 1300 Paulum
513 1240 686 1317 apostolum,
709 1241 751 1299 ita
772 1245 881 1316 tamen,
904 1247 936 1300 ut
954 1240 1112 1313 justificare
1135 1242 1173 1300 sit
1193 1258 1226 1300 re
1247 1257 1318 1300 vera
1335 1243 1444 1314 J'ustum

271 1341 409 1419 reddere,
439 1342 494 1403 hoo
520 1359 589 1404 vero
614 1343 690 1403 idem
717 1344 793 1418 qnod
825 1343 1039 1404 declarando
1065 1345 1163 1403 omnia
1188 1344 1264 1404 bona
1291 1346 1318 1403 oi
1344 1345 1447 1403 attri-

271 1444 390 1520 buere,
425 1451 562 1521 tanquam
590 1446 681 1508 bonus
704 1447 750 1506 sit.
795 1448 986 1522 Quamobrem
1009 1448 1093 1522 Apol.
1119 1446 1200 1507 Coni.
1222 1447 1296 1521 Aug.
1319 1446 1447 1522 (Mulier,

270 1567 299 1624 p.
320 1550 393 1624 100,
417 1550 446 1626 ξ.
464 1551 511 1612 72.
529 1545 583 1633 78)
600 1551 721 1610 articulo
736 1549 943 1610 fundumentali
957 1567 1015 1612 non
1029 1552 1107 1611 laeso
1122 1555 1218 1626 potest
1233 1550 1343 1627 dicere,
1363 1551 1449 1623 justi·

270 1651 353 1712 ficari
390 1669 453 1712 esse
480 1672 537 1726 „ex
559 1654 667 1727 injusto
690 1655 798 1726 justum
825 1653 937 1728 effioi“,
968 1654 1005 1714 of.
1027 1654 1094 1715 doh.
1122 1647 1284 1715 Gathardt'
1304 1653 1449 1713 Locorum

271 1757 354 1830 XVI,
386 1758 411 1829 1,
446 1757 484 1816 14
516 1754 573 1837 (ed.
595 1755 714 1818 Pretiae
738 1758 835 1832 1864,
865 1759 919 1831 ill,
951 1777 979 1833 p.
1009 1758 1102 1836 308):
1132 1762 1249 1833 „potest
1279 1758 1354 1816 enim
1385 1757 1448 1830 quis

267 1860 360 1931 justus
390 1859 453 1918 fieri
485 1877 539 1934 per
570 1862 689 1919 alterius
708 1862 848 1934 judicium
856 1865 872 1893 “
903 1866 957 1922 oet.
1003 1861 1065 1920 Hae
1090 1859 1295 1933 justificatione
1324 1860 1448 1932 injustus

269 1962 366 2021 statim
385 1964 479 2035 justus
502 1963 550 2034 fit;
582 1964 661 2022 nulla
683 1965 758 2023 enim
781 1970 825 2024 est
843 1965 959 2036 justitia
980 1981 1051 2024 vera
1071 1965 1128 2022 nisi
1151 1979 1248 2023 eoram
1269 1963 1348 2021 Deo:
1371 1962 1448 2037 quod

269 2066 293 2122 si
315 2065 394 2124 Deus
417 2066 542 2139 aliquem
561 2068 670 2139 justum
693 2066 832 2144 reddidit,
865 2070 928 2142 quis
955 2072 999 2127 est
1024 2069 1073 2143 qui
1099 2068 1235 2140 injustum
1262 2082 1325 2125 eum
1348 2064 1449 2125 dieat?

270 2167 352 2228 Rom.
380 2170 409 2243 8,
433 2170 482 2227 31.
506 2170 546 2227 33
571 2168 608 2230 cf.
630 2170 670 2228 ll,
691 2169 755 2231 Cor.
783 2171 829 2243 10,
855 2172 902 2229 18.
1293 2163 1295 2167 ⁸

354 2267 530 2354 Δικαιοσύνη
558 2270 632 2334 moa
657 2274 746 2345 igitur
773 2290 829 2332 non
857 2279 903 2333 est
929 2274 1045 2333 habitus
1076 2274 1223 2334 hominum
1257 2275 1373 2332 moralis
1402 2275 1448 2332 vel

272 2373 407 2448 qualitas,
439 2381 472 2433 ut
502 2375 738 2450 philosophorum
768 2383 834 2436 utar
864 2377 994 2451 vocibus,
1024 2396 1080 2438 non
1109 2379 1176 2437 boni
1204 2395 1299 2438 mores
1326 2376 1449 2436 othoni

273 2482 368 2537 motus
401 2479 500 2550 animi,
530 2480 582 2538 sed
611 2484 703 2539 status
734 2481 847 2554 quidam
879 2482 988 2554 adjus
1015 2482 1141 2540 divinum
1171 2483 1336 2557 pertinens,
1368 2483 1447 2538 reeta

273 2581 415 2656 quaedam
446 2582 569 2641 hominis
603 2599 673 2656 erga
704 2585 796 2643 Deum
829 2586 942 2647 relatio.
954 2582 978 2660 1)
1030 2584 1191 2660 Opponitnr
1233 2585 1316 2644 Rom.
1354 2583 1400 2655 10,
1427 2583 1445 2640 3

271 2686 406 2759 propriae
425 2686 556 2757 justitiae
583 2686 642 2746 sive
669 2688 756 2761 legali
783 2688 866 2747 Rom.
892 2689 939 2760 10,
963 2688 981 2747 5
1004 2705 1027 2749 s.
1055 2687 1091 2746 of.
1115 2686 1177 2750 Gal.
1200 2688 1229 2762 5,
1252 2688 1281 2762 5,
1309 2703 1394 2761 quarn
1422 2687 1446 2744 si

272 2788 333 2861 quis
356 2789 493 2862 sequitur,
517 2791 573 2848 suis
596 2789 703 2848 viribus
719 2790 868 2867 (operibns
885 2786 971 2873 legis)
994 2789 1114 2851 conatur
1136 2795 1246 2850 rectam
1268 2790 1347 2849 illam
1370 2789 1446 2847 reia-

272 2890 380 2950 tionem
403 2890 534 2966 efficere,
557 2897 692 2968 tanquam
714 2895 770 2968 ipsi
787 2895 848 2967 jam
870 2895 908 2951 sit
925 2894 1050 2966 justitia;
1072 2909 1145 2969 quae
1168 2893 1301 2969 quoniam
1320 2908 1378 2951 non
1394 2897 1448 2963 est,

272 2990 390 3067 fallitur,
411 2999 443 3052 ut
465 2995 565 3053 eadem
583 2997 697 3068 justitia
719 2995 793 3054 falsa
815 2996 859 3055 vei
881 2998 960 3055 nulla
974 2997 1031 3056 diei
1051 2998 1143 3071 possit
1164 3003 1251 3070 atque
1271 3013 1336 3055 aum
1355 3012 1447 3070 grano

192 3095 195 3100 '
271 3095 339 3154 salis
365 3099 485 3172 propria
507 3097 627 3157 dieatur.
672 3099 745 3171 Quia
767 3116 836 3158 vero
858 3094 1027 3180 δικαιοσύνη
1049 3097 1123 3161 {teoni
1151 3100 1285 3172 opposita
1310 3105 1356 3158 est
1381 3115 1448 3174 pro·

270 3199 367 3273 prise,
398 3200 513 3259 videtur
541 3202 675 3274 genetivo
705 3200 779 3264 aaut
808 3201 898 3260 Deum
930 3203 1075 3276 possidere
1105 3203 1184 3260 iiiam
1209 3200 1349 3274 J'ustitiam
1381 3203 1447 3262 diei.

275 3303 359 3374 Quod
381 3320 436 3362 non
459 3304 575 3376 mirum,
602 3303 742 3378 siquidem
764 3305 844 3364 Deus
871 3306 988 3378 etipse
1015 3322 1086 3379 erga
1111 3306 1240 3366 homines
1267 3323 1324 3365 non
1349 3309 1448 3380 potest

270 3406 338 3480 quin
360 3411 441 3466 recte
467 3411 537 3480 agat
559 3411 588 3466 et
609 3408 770 3466 hominibus
792 3407 906 3481 regulas
928 3413 958 3466 et
979 3409 1054 3467 vires
1077 3409 1114 3467 ad
1136 3415 1245 3468 rectam
1268 3426 1339 3482 erga
1353 3410 1447 3468 Deum

268 3512 299 3568 et
320 3511 448 3569 homines
472 3509 627 3569 tenendam
651 3511 820 3570 relationem
843 3511 921 3569 solus
944 3509 1013 3569 dare
1036 3516 1145 3585 potest,
1169 3515 1201 3569 ut
1223 3512 1299 3570 solus
1321 3512 1359 3569 sit
1381 3510 1446 3570 fons

268 3612 360 3670 omnis
378 3612 522 3688 justitiae,
546 3613 583 3674 of.
606 3614 689 3673 Rom.
714 3614 742 3689 3,
768 3615 817 3672 26.
859 3614 926 3672 Alio
949 3613 1034 3672 modo
1057 3614 1143 3671 liceat
1166 3614 1320 3688 explicare.
1358 3613 1388 3673 Si
1410 3615 1446 3673 de

264 3716 378 3790 justitia
400 3716 456 3775 Dei
480 3716 602 3777 aPaqu
626 3716 786 3792 disseritur,
809 3719 897 3776 sentit
918 3717 989 3776 duas
1011 3721 1119 3791 parter,
1142 3717 1235 3776 Deum
1259 3723 1287 3774 ei
1307 3717 1446 3777 homiues.

272 3852 474 3861 *-

357 3933 376 4004 ¹)
396 3937 476 4001 Buur,
499 3935 570 3990 Neut.
594 3937 673 3988 Theoi.
690 3957 715 4002 p.
738 3936 788 3986 131
807 3953 857 3990 non
876 3936 942 3990 satis
961 3935 1090 3990 dilucide:
1115 3938 1153 3986 die
1169 3936 1215 3985 Art
1232 3936 1282 3986 arrd
1294 3935 1382 4000 Weiee,
1401 3939 1445 3986 urie

271 4022 324 4073 Gorr
346 4023 390 4073 deo
414 4021 542 4073 Meneclem
566 4025 591 4073 io
614 4025 659 4072 dae
681 4025 755 4073 rectae
775 4024 919 4073 ilerddltm'sr
943 4064 948 4076 .
968 4063 974 4074 .
997 4032 1062 4074 setzt.
1107 4021 1145 4076 Cf.
1170 4025 1308 4088 Resainan,
1336 4021 1444 4088 Schrift-

267 4111 349 4160 bewer's
366 4109 393 4173 1,
408 4127 434 4174 p.
455 4108 509 4159 625
526 4127 558 4162 se.
579 4109 717 4173 Pflee'derer,
737 4110 909 4172 Pauir'ar'smas,
925 4127 951 4173 p.
973 4109 1022 4159 175
1040 4127 1059 4160 a.
1096 4110 1197 4160 Holsten
1221 4109 1382 4174 (Jutroacter
1392 4115 1444 4173 Ι1ιί’ν

266 4205 328 4261 prot.
358 4194 439 4248 Theoi.
465 4195 541 4260 1879,
565 4215 591 4261 p.
618 4193 669 4245 134
691 4194 750 4262 se),
774 4199 828 4247 Der
857 4193 1050 4260 Gedaukeapuop
1077 4197 1118 4245 deo
1145 4195 1307 4260 Rdmerbriqfu
1334 4193 1445 4248 I—XI.

267 4274 375 4346 Rutilum,
399 4282 472 4332 Uener
490 4283 533 4331 den
548 4283 691 4348 Ledrpeitult
709 4283 751 4335 dea
768 4281 942 4348 Edrrrerdrr'ese,
963 4282 1112 4334 Joirtdcier
1123 4288 1172 4354 Jiir
1190 4283 1297 4334 deutsche
1319 4281 1344 4334 T
1340 4282 1445 4350 leotopae'e

269 4368 338 4426 ,1856
345 4406 352 4433 ,
367 4388 393 4436 p.
416 4367 467 4419 126
483 4387 503 4431 a,
