3160 4990
616 355 828 421 „21...

138 551 201 597 esse
223 549 352 593 normam
373 531 529 607 quandam,
556 528 712 588 secundum
739 537 823 603 quarn
848 525 1028 601 judicaturus
1050 526 1087 586 sit
1108 527 1187 586 Deus
1209 542 1308 586 omncs

137 639 275 698 hominen.
327 637 404 695 Nola
434 650 515 710 uero,
546 633 621 692 hunc
651 629 781 692 normann
811 632 868 690 dici
902 631 1082 704 evangelium
1113 629 1306 689 christianum.

136 742 191 802 Est
212 741 302 812 igitur
323 738 453 797 voluntas
476 735 616 812 quaedam
639 733 775 812 divina1)
797 734 942 810 implenda
963 751 1049 809 quum
1070 732 1202 794 omnibus
1217 732 1307 793 homi·

137 845 235 921 uibus,
259 849 320 901 tum
342 840 518 914 christianis,
540 855 614 915 quae
636 838 750 913 quidem
772 839 854 912 quasi
869 833 917 918 (1)
941 831 1032 918 νόμος
1053 835 1110 895 dici
1131 841 1240 911 potest;
1264 842 1309 896 est

138 942 275 1030 ἁμαρτία
300 946 382 1006 Rom.
407 945 435 1018 6,
461 944 499 1003 12
522 947 552 1001 et
574 935 677 1003 ἀδικία
703 940 741 1003 ib.
764 959 791 1002 v.
816 942 853 1000 13
877 944 907 1000 et
930 934 1128 1022 παράπτωμα
1150 938 1212 998 Gal.
1236 942 1264 1014 6,
1290 941 1304 998 l

138 1052 174 1114 ci.
197 1051 226 1127 2,
253 1049 300 1122 14,
332 1052 361 1107 et
390 1041 487 1110 κακόν
508 1047 590 1106 Rom.
616 1046 668 1119 13,
699 1045 732 1116 43
762 1044 812 1103 ubi
837 1061 894 1104 nou
923 1044 1059 1118 impletur
1087 1044 1220 1102 voluutas
1251 1042 1308 1115 illa,

137 1159 234 1214 manet
255 1154 302 1211 ira
323 1151 378 1210 Dei
401 1150 436 1209 de
458 1151 494 1209 iis
517 1151 565 1224 qui
587 1163 644 1208 non
666 1145 788 1222 implent
809 1148 893 1208 Rom.
919 1148 966 1223 12,
992 1148 1043 1220 193
1070 1148 1117 1224 13,
1141 1146 1161 1205 4
1183 1151 1214 1205 et
1232 1145 1308 1217 judi·

138 1260 212 1318 cium
240 1271 371 1316 severum
400 1254 464 1315 Gal.
489 1255 516 1326 6,
543 1254 576 1311 8:
608 1251 690 1314 Rom.
714 1252 742 1324 2,
767 1253 819 1324 16;
847 1253 914 1326 quin
942 1251 1071 1311 homines
1102 1254 1308 1323 cognoscentes

138 1379 201 1422 earn
223 1376 316 1434 nequo
338 1358 402 1420 Gal.
426 1357 454 1432 5,
477 1358 496 1415 3
519 1372 585 1430 opp.
610 1356 657 1414 18.
680 1356 709 1429 3,
735 1355 774 1413 10
800 1354 919 1429 implere
947 1355 1076 1414 volentes
1103 1370 1134 1412 se
1155 1354 1234 1428 ipsos
1256 1350 1308 1411 sub

137 1468 204 1538 lege
226 1480 288 1523 esse
311 1461 472 1532 declarant,
499 1459 619 1533 obligati
648 1463 715 1516 sunt
736 1463 769 1517 ut
789 1473 854 1517 earn
883 1457 1033 1532 impleant,
1061 1457 1136 1531 quod
1163 1457 1309 1533 quianon

138 1573 268 1643 possunt,
293 1566 352 1625 sub
375 1566 435 1639 ejus
458 1556 582 1649 κατάρᾳ
603 1567 728 1622 manent.
773 1563 902 1621 Tertium
923 1578 980 1621 non
1002 1559 1096 1622 datur.

222 1673 249 1729 Is
276 1686 345 1728 vero
373 1673 418 1728 est
443 1684 527 1727 verus
555 1671 584 1725 et
605 1665 734 1725 sublimis
761 1667 835 1738 legis
862 1665 1010 1724 Mosaicae
1033 1681 1146 1738 sensus,
1173 1665 1198 1723 is
1227 1664 1308 1739 quasi

136 1769 227 1856 νόμος
247 1771 329 1845 lacot,
350 1777 383 1831 ut
404 1771 501 1831 omnia
523 1765 565 1842 εἰς
587 1763 678 1844 δόξαν
698 1767 772 1834 scot
793 1768 943 1840 faciamus,
964 1767 1031 1827 inde
1053 1768 1215 1842 explicatur
1237 1767 1308 1827 alta·

136 1895 213 1952 rum,
244 1879 276 1934 nt
297 1874 403 1934 iratres
425 1889 561 1933 amemus.
606 1872 687 1944 Quod
717 1873 765 1945 qui
792 1869 874 1946 facit,
902 1870 997 1942 justus
1024 1876 1080 1944 est,
1109 1870 1171 1930 Gal.
1194 1872 1226 1945 3,
1255 1871 1308 1942 1a;

137 1982 219 2042 Rom.
236 1981 264 2055 2,
290 1981 338 2038 la.
354 1978 405 2038 aa.
445 1978 518 2049 Quia
538 1992 608 2036 vero
631 1991 713 2035 nemo
732 1974 829 2034 facere
851 1978 962 2049 potest,
985 1991 1021 2033 ne
1042 1974 1172 2034 Mosaios
1192 1973 1309 2050 quidem

136 2087 184 2145 lex
200 2082 271 2143 data
293 2087 337 2142 est
357 2081 479 2153 idcirco,
501 2083 533 2138 ut
554 2079 688 2153 operibus
704 2080 763 2152 eius
778 2077 897 2153 ludaei,
920 2079 1023 2140 nedum
1046 2081 1146 2152 gentes
1166 2078 1308 2151 justitiam

139 2188 302 2262 obtineant,
325 2185 389 2246 Gal.
411 2185 444 2262 3,
476 2184 524 2244 18.
540 2182 589 2244 21.
638 2183 682 2241 Ex
703 2183 753 2242 illo
780 2199 849 2241 vero
871 2181 947 2257 quod
969 2182 1140 2257 postulatur,
1161 2186 1193 2241 ut
1214 2182 1310 2241 omnia

136 2291 168 2348 in
188 2289 244 2348 Dei
266 2288 406 2348 honorem
437 2286 586 2362 faciemus,
609 2291 755 2360 sequetur:
785 2287 809 2344 si
839 2303 893 2361 per
923 2303 976 2346 nos
1008 2284 1145 2358 ejusmodi
1173 2302 1221 2345 res
1251 2303 1308 2345 non

137 2390 221 2466 fiunt,
244 2396 340 2450 temen
355 2390 433 2451 Deus
454 2392 516 2465 ipse
537 2391 579 2450 ita
600 2390 747 2450 nobiscum
770 2395 838 2464 aget
859 2395 892 2449 ut
914 2405 986 2465 quae
1009 2393 1077 2463 agat
1100 2405 1181 2484 suurn
1203 2390 1307 2450 consti·

136 2499 219 2554 tuant
240 2494 386 2555 honorem.

221 2599 287 2658 Jarn
309 2597 393 2660 facila
417 2604 462 2658 est
483 2598 591 2674 dicere,
614 2615 688 2674 quae
710 2596 826 2657 tandem
848 2597 907 2655 siut
937 2613 1044 2671 opera
1069 2595 1205 2676 legis.¹)
1242 2597 1308 2659 Sive

135 2703 211 2760 enirn
242 2703 390 2776 genetivus
422 2699 527 2783 (subj.)
560 2703 653 2775 legem
686 2701 758 2760 dicit
788 2716 907 2774 operum
939 2701 1020 2774 quasi
1050 2715 1247 2774 possessorem
1277 2707 1308 2760 et

138 2805 280 2864 dominum
297 2823 374 2883 esse,
398 2808 458 2866 sive
474 2822 508 2866 eo
524 2807 562 2881 (g.
579 2802 712 2881 originis)
727 2821 817 2879 opera
838 2803 974 2863 dicuutur
995 2804 1061 2877 lege
1083 2803 1219 2878 progigni
1241 2805 1309 2878 siva,

135 2908 166 2966 id
187 2907 263 2983 quod
284 2910 385 2968 melius
408 2908 522 2969 videtur
545 2910 582 2983 (g.
606 2904 688 2986 obj.),
716 2906 916 2980 intelliguntur
943 2911 1080 2981 tanquam
1105 2908 1136 2966 in
1162 2908 1256 2983 legem
1277 2925 1309 2968 se

136 3011 302 3085 dirigentia,
334 3016 413 3072 certe
439 3016 505 3071 suut
530 3010 670 3084 eJusmodi
700 3026 804 3085 opera,
835 3010 935 3084 quibus
965 3012 1057 3085 legam
1079 3009 1237 3071 Mosaicam
1267 3013 1309 3071 ita

135 3116 255 3188 implere
269 3114 385 3175 studeat
399 3114 498 3189 homo,
525 3121 662 3189 tanquam
682 3113 720 3174 sit
740 3116 805 3188 ipsa
827 3131 937 3173 summa
959 3119 989 3174 et
1010 3113 1110 3172 ultima
1131 3113 1187 3172 Dei
1209 3115 1308 3174 volun·

136 3222 194 3292 tas,
218 3217 318 3295 quibus
340 3219 431 3292 igitur
452 3218 517 3292 liat,
538 3223 571 3276 ut
585 3223 687 3279 contra
701 3219 756 3278 Dei
771 3218 860 3291 ipsius
875 3219 1051 3278 voluntatem
1068 3216 1230 3276 institutum
1245 3217 1308 3290 aius

136 3322 279 3381 transiens
301 3324 330 3378 et
353 3323 505 3382 relativum
531 3323 561 3380 in
587 3323 681 3381 locum
707 3322 862 3382 voluntatis
892 3337 1017 3400 summae
1044 3318 1192 3381 erueretur.
1236 3319 1309 3381 Sunt

225 3509 243 3578 ¹)
262 3511 398 3580 Apparet,
416 3507 530 3562 multum
547 3507 681 3562 interesse
699 3508 771 3562 inter
788 3510 860 3562 hano
879 3507 1045 3562 voluntatem
1064 3512 1092 3561 et
1108 3507 1197 3575 legem
1208 3508 1307 3564 Mosai-

136 3613 208 3664 oam,
232 3597 255 3650 ai
277 3596 386 3666 quidam
408 3593 483 3664 νόμος
500 3595 609 3656 πίστεως
631 3598 659 3648 et
680 3592 756 3662 νόμος
778 3591 918 3663 πνεύματος
942 3593 994 3647 dici
1011 3596 1110 3663 potant.
1146 3595 1249 3650 Tamen
1266 3602 1308 3649 eat

135 3682 312 3738 constitutum
338 3682 396 3736 sive
422 3681 555 3736 institutio
584 3681 647 3749 Dei,
675 3680 844 3736 condiciones
871 3679 1000 3750 quasdam
1025 3679 1177 3736 hominibus
1204 3680 1306 3749 objicit,

135 3769 231 3825 uiolari
255 3774 282 3822 et
305 3773 397 3837 potest
420 3783 508 3836 neque
532 3766 626 3834 debet,
649 3768 695 3822 ubi
717 3767 846 3835 violatur,
875 3763 988 3836 ἂμαρτία
1009 3773 1063 3821 est:
1092 3767 1192 3821 crimen
1215 3767 1306 3822 laesae

135 3855 286 3924 maiestatis
305 3854 381 3908 Rom.
395 3854 418 3921 1,
436 3853 483 3920 32,
503 3855 523 3907 Ι.
536 3853 597 3908 Gor.
610 3854 634 3922 6,
654 3855 717 3909 las.
730 3870 753 3907 v.
773 3853 806 3908 15
824 3853 858 3908 cf.
873 3854 951 3910 Rom.
963 3853 987 3923 8,
1006 3855 1035 3922 73
1054 3853 1148 3908 1001.
1167 3853 1208 3921 11,
1226 3853 1305 3907 2711.

135 3972 168 3982 -
188 3939 208 4008 'l
228 3940 267 3996 Gi.
288 3940 408 4006 Pluappi,
433 3940 612 3995 commentar.
636 3941 672 3994 ad
690 3941 765 3995 Rom.
785 3939 852 3995 1866
874 3958 900 4010 p.
918 3941 951 3994 91
970 3955 1006 3996 ss.
1045 3940 1126 4004 Baur,
1148 3939 1252 4007 Paula,
1271 3939 1306 3994 II.

135 4046 161 4098 p.
180 4027 237 4082 160.
274 4027 359 4078 Immcr
377 4025 394 4079 l.
413 4041 451 4079 c.:
472 4027 577 4091 „rodalca
596 4028 684 4092 gethan
706 4028 797 4078 werden
814 4029 839 4078 iu
856 4027 899 4077 der
916 4027 1043 4090 Intautr'on,
1066 4027 1141 4077 domii
1162 4026 1209 4076 dua
1227 4026 1306 4077 Wolt-

134 4115 242 4181 qcsulleu
262 4111 340 4164 Galles
361 4129 391 4162 aa
414 4113 536 4164 ucrdieuco
559 4115 619 4165 clc.“
653 4113 751 4178 Ddlmc,
774 4113 941 4164 Paulinacler
959 4113 1116 4178 Ledrdcpnffi
1135 4112 1209 4163 Hella
1228 4110 1306 4178 1835,

133 4219 159 4265 p.
184 4199 225 4252 89.
272 4199 379 4264 Riucll,
407 4198 596 4250 Alalarlolacle
618 4201 720 4265 Kircdc,
743 4219 770 4266 p.
797 4199 830 4250 75
855 4198 959 4267 dicens,
987 4197 1103 4253 Paulum
1129 4197 1198 4253 velle
1221 4199 1307 4264 „naht

137 4286 262 4337 materialia
279 4285 364 4336 Krilik
385 4285 485 4336 dieses
510 4282 623 4350 Gcaclzar,
644 4287 746 4337 scudem
761 4286 875 4352 formella
897 4286 980 4340 Krieit
1001 4285 1043 4337 dea
1059 4283 1171 4357 chnffr
1194 4285 1236 4336 deo
1261 4281 1304 4339 Ga-

136 4374 236 4428 aatm“.
272 4373 410 4440 Hofmouu,
429 4372 606 4440 Scdn'fldouoer'r
623 4371 665 4438 II,
679 4390 707 4440 p.
726 4373 783 4432 611.
