3160 4990
620 409 828 472 ..31-

138 580 225 640 subus
251 579 344 639 honor
371 581 448 639 omni
475 598 510 640 ex
538 585 621 654 parte
648 585 745 638 manet
773 585 802 638 et
824 578 1000 652 agnoscitur,
1023 578 1079 637 Dei
1101 578 1198 650 gratia
1219 576 1309 636 libere

137 688 168 744 et
198 682 386 743 oboedientur
417 683 557 758 accepta?
587 683 664 742 Satis
694 687 793 741 notum
824 687 878 752 ert,
910 679 995 740 fidem
1007 679 1032 758 1)
1057 697 1120 740 esse
1143 680 1220 740 illam
1244 697 1310 739 con·

137 786 296 860 dicionem,
319 787 380 845 sine
403 803 460 860 qua
473 786 553 846 Deus
568 788 711 846 neminem
726 784 794 844 velit
807 783 967 856 justificare
983 784 1045 846 Gal.
1062 786 1091 856 3,
1108 786 1165 862 263
1189 785 1216 858 5,
1233 784 1261 844 5.
1279 785 1311 860 63

137 890 219 949 Rom.
249 889 275 962 1,
305 889 353 950 16.
383 889 435 967 173
467 891 496 965 3,
524 889 662 960 22-303
698 889 745 962 10,
772 888 853 965 4ss.;
881 889 903 946 Ι.
931 887 995 948 Cor.
1026 889 1052 959 1,
1081 889 1119 946 21
1144 887 1181 948 al.
1231 886 1312 946 Idem

136 991 226 1064 igitur
246 992 418 1063 invenimus,
441 991 517 1065 qnod
532 994 561 1050 in
581 992 711 1066 epistolis
732 990 770 1051 ad
785 990 1054 1050 Thessalonicenses
1071 991 1180 1068 missia,
1204 988 1312 1048 fidem

137 1110 215 1153 esse
239 1110 310 1151 eam
333 1094 485 1152 hominis
507 1095 680 1153 actionem
703 1109 768 1166 qna
790 1093 889 1152 homo
904 1093 1038 1152 viribus
1059 1093 1163 1152 aDeo
1186 1109 1312 1167 suppo·

138 1196 270 1256 ditatis
292 1191 358 1256 Dei
381 1199 534 1269 gratiam
556 1199 589 1256 in
612 1195 758 1256 Christo
781 1197 977 1256 revelatam
1000 1197 1167 1271 accipiat.
1181 1195 1212 1272 ²).

142 1332 345 1342 -u-—n-——n-

226 1400 245 1468 ¹)
263 1400 313 1469 Iis,
340 1415 409 1468 qnae
432 1415 515 1469 supra
542 1398 728 1468 explicantur,
754 1397 823 1452 haec
849 1396 928 1452 addo.
955 1397 1096 1452 Interdum
1118 1397 1252 1453 invenitur
1276 1401 1311 1469 τῇ

139 1487 220 1542 πίστει
242 1485 348 1554 στη’κετε
366 1487 400 1540 II.
419 1486 480 1540 Cor.
500 1487 523 1554 1,
542 1487 588 1549 24;
615 1483 803 1553 1101111020
826 1481 858 1537 ci.
884 1483 904 1537 I.
925 1483 984 1538 (lor.
1005 1483 1092 1550 15,1;
1119 1484 1148 1537 in
1173 1484 1313 1552 evangelio

139 1569 267 1641 ἑστήκατε.
303 1573 392 1627 Primo
414 1573 510 1626 horum
528 1572 650 1624 locorum
668 1570 733 1624 dicit
745 1569 897 1639 apostolus,
909 1569 982 1623 nolle
994 1585 1024 1623 sc
1035 1567 1154 1638 κυριεύειν
1169 1567 1249 1624 αὐτῶν
1267 1572 1314 1638 τῆς

140 1659 246 1721 πίστεως
268 1659 364 1712 illicito
392 1658 469 1712 modo
488 1673 585 1725 regere
608 1657 741 1710 actionem
764 1655 840 1708 illam
858 1655 999 1723 credendi;
1026 1656 1143 1709 secundo
1162 1660 1311 1724 peccatum,

139 1749 250 1814 propter
275 1744 348 1812 quod
365 1743 464 1798 Judaei
491 1740 692 1810 cessassemus,
720 1739 827 1796 ἀπιστία
855 1739 953 1794 dicitur
980 1740 1013 1795 cf.
1032 1756 1115 1810 supra
1141 1757 1202 1810 pag.
1230 1742 1263 1795 19
1275 1757 1312 1808 s.;

138 1831 219 1884 tertio
247 1830 309 1885 loco
334 1829 395 1884 finis
424 1827 551 1884 credendi
569 1827 667 1882 dicitur
684 1825 823 1892 odtscbcn:
850 1828 872 1880 εί
895 1826 931 1895 μὴ
958 1829 1012 1896 εἰκῆ
1036 1825 1213 1883 ἐπιστεῦσατεε
1241 1827 1313 1882 actio

139 1915 266 1970 credendi
276 1916 364 1970 inanis
377 1916 434 1970 sive
445 1915 548 1970 frustra
559 1914 632 1968 facta
645 1919 698 1982 est,
710 1915 733 1968 si
745 1913 825 1967 homo
836 1930 892 1968 non
904 1910 1019 1977 σώζεται.
1055 1914 1163 1969 Actioni
1177 1915 1313 1970 humanae

139 1999 257 2064 ἀπιστίας
275 2001 419 2070 opponitur
437 2002 512 2056 Rom.
531 2000 556 2067 3,
574 2003 590 2054 3
608 2000 679 2054 actio
698 1999 787 2054 divina
810 2001 894 2062 πίστις
920 2003 964 2054 τοῦ
990 2003 1067 2068 beot,
1086 2007 1219 2068 quatenus
1237 2000 1314 2056 Deus

139 2087 191 2141 sibi
209 2086 337 2141 assumsit
359 2092 386 2141 et
410 2085 559 2139 firmissime
578 2089 654 2152 tenet
671 2086 805 2154 homines;
832 2085 1006 2154 quamobrem
1024 2085 1107 2140 etiam
1123 2083 1211 2148 πιστός
1229 2085 1313 2140 inter-

140 2173 204 2226 dum
227 2172 340 2240 dicitur,
364 2172 385 2225 I.
410 2171 470 2226 (lor.
489 2172 513 2240 1,
530 2171 562 2240 93
589 2171 631 2238 10,
650 2169 690 2224 13.
702 2170 824 2225 ,—R0m.
843 2171 917 2240 1,12
936 2171 1021 2224 voluit
1038 2170 1138 2224 Paulus
1162 2170 1315 2226 confirmari

140 2257 205 2312 fidei
223 2258 330 2312 actione
348 2258 408 2311 viva
427 2257 608 2312 Romanorum
626 2257 762 2325 inspecta3
788 2260 814 2325 4,
833 2258 865 2311 12
884 2257 1013 2312 describit
1030 2256 1111 2312 fidem
1137 2266 1245 2328 στοιχεῖν
1262 2265 1315 2320 τοῖς

139 2345 231 2413 ίγνεσιν
249 2343 313 2397 fidei
331 2343 487 2400 Abrahami.
522 2344 542 2397 Ι.
555 2343 617 2398 Gor.
630 2344 654 2412 6,
667 2344 701 2397 13
712 2343 824 2412 legitur:
851 2350 1008 2414 γρηγορεῖτε,
1021 2343 1126 2412 στήκετε
1139 2344 1313 2414 torpuisset,

141 2426 297 2498 ἀνδρίζεσθε,
324 2433 505 2498 κραταιοῦσῦερ
532 2430 567 2483 II.
586 2429 646 2484 Gor.
664 2429 689 2498 8,
714 2431 730 2484 7
756 2431 958 2499 conjunguntur
983 2431 1078 2496 πίστις,
1105 2427 1190 2500 λόγος,
1216 2433 1315 2498 γνῶσις,

139 2520 211 2572 πᾶσα
228 2514 340 2586 σπουδη,
358 2514 461 2588 ἀγοίπη,
487 2516 528 2584 13,
545 2516 562 2569 5
579 2517 728 2572 invenitur:
755 2513 858 2578 ἑαυτοὺς
875 2513 1018 2584 πειρσίζετε,
1037 2517 1059 2570 εί
1071 2515 1128 2572 ἐστὲ
1141 2517 1314 2586 ἐντῆπίστει.

141 2604 243 2672 Quodsi
271 2603 441 2671 Rom.12,3
464 2603 502 2656 ait
519 2603 635 2657 Paulus:
662 2598 674 2656 ὃ
698 2600 756 2664 ἕλεος
780 2603 891 2672 ἐμέρισεν
915 2603 1003 2670 μέτρον
1028 2603 1149 2671 πίστεως,
1168 2603 1251 2656 sentit
1269 2618 1315 2655 na-

140 2690 244 2744 turales
268 2697 295 2744 et
317 2689 474 2758 spirituales
497 2687 561 2742 fidei
584 2686 754 2742 condiciones
777 2704 795 2743 a
812 2689 870 2742 Deo
889 2687 1044 2756 praebitas,
1062 2689 1096 2742 de
1115 2688 1213 2756 quibus
1232 2689 1315 2752 etiam

142 2776 176 2830 Il.
208 2773 269 2831 Gor.
297 2777 329 2846 4,
359 2775 405 2830 13:
440 2772 468 2829 rb
497 2777 596 2842 πνεῦμα
623 2777 669 2836 τῦς
698 2775 807 2836 πίστεως
829 2773 961 2827 habentes
996 2772 1067 2841 (vide
1095 2773 1184 2842 intra).
1237 2775 1316 2828 Actio

141 2878 205 2917 vero
221 2862 285 2917 fidei
302 2869 432 2930 tanquam
450 2877 494 2916 res
512 2877 562 2930 per
579 2876 608 2914 se
627 2859 778 2914 subsistens
796 2858 959 2913 describitur
971 2857 1029 2913 Gal.
1048 2859 1072 2927 3,
1092 2859 1132 2913 23.
1150 2860 1196 2913 25:
1215 2861 1316 2914 dicitur

140 2949 218 3004 ἐλθεῖν
237 2954 264 3002 et
282 2947 506 3017 ἀποκαλυφθῆναι,
533 2947 658 3000 similiter
674 2944 769 3000 fideles
782 2943 908 2998 dicuutur
926 2945 995 3014 6,10
1008 2942 1130 3000 οἱοίκεῖοι
1148 2949 1193 3014 τῆς
1205 2947 1317 3008 πίστεως

142 3036 188 3104 qui
205 3035 353 3103 participes
371 3039 434 3088 sunt
450 3031 516 3086 fidei
533 3033 661 3098 actionis;
689 3032 804 3100 deniqne
823 3030 882 3084 Gal.
901 3031 924 3099 1,
943 3031 976 3084 23
994 3037 1022 3086 et
1039 3031 1091 3101 3,5
1109 3033 1192 3093 πίστις
1204 3032 1316 3088 adhibe·

141 3130 188 3176 tur
208 3135 259 3188 pro
285 3119 407 3173 doctriua
432 3133 501 3186 quae
525 3124 566 3172 est
585 3117 618 3172 de
635 3117 696 3172 fide.
732 3117 859 3171 Omnibus
881 3117 964 3186 igitur
982 3117 1024 3171 his
1042 3117 1110 3172 locis
1129 3118 1252 3172 definitio
1270 3118 1316 3172 illa

143 3206 325 3261 confirmttur.
360 3203 433 3261 Nota
456 3204 550 3270 etiam,
572 3219 664 3258 vocem
688 3201 710 3257 oi
733 3202 890 3266 πιστεύοντες
918 3203 1099 3258 circumscribi
1126 3204 1146 3258 I.
1167 3203 1225 3258 Cor.
1245 3204 1268 3272 1,
1288 3206 1316 3257 2:

144 3291 167 3347 οἱ
193 3287 381 3360 ἐπικαλούμενοι
412 3287 440 3344 τίν
466 3285 546 3358 ὄνομα
578 3293 621 3344 τοῦ
648 3292 732 3358 κυρίου
762 3287 833 3358 ημῶν
861 3286 950 3357 Ἰησοῦ
981 3292 1099 3358 Χριστοῦ.
1135 3321 1169 3330 -
1205 3287 1225 3357 ⁹)
1245 3291 1317 3340 Banr

143 3379 249 3446 (Paulus
262 3378 299 3443 11,
319 3396 346 3444 p.
362 3375 412 3426 161
422 3394 454 3428 aa.
477 3375 548 3429 Nece.
567 3375 649 3428 ΤΙιοοί.
664 3395 691 3442 p.
711 3376 761 3425 154
773 3375 1047 3444 ss.)fidemtanquam
1065 3391 1122 3430 rem
1140 3376 1317 3430 theoreticam

143 3463 235 3518 multis
252 3463 339 3518 verbis
352 3461 492 3530 describit,
510 3478 536 3530 p.
555 3461 605 3514 172
617 3477 638 3515 s.
656 3461 753 3529 prioris
771 3460 835 3515 libri
852 3468 943 3516 autem
955 3461 1118 3530 perspicitur
1136 3468 1164 3515 et
1187 3477 1248 3530 pag.
1268 3462 1317 3514 257

143 3551 201 3618 ipse
224 3549 300 3618 dicit,
334 3564 392 3604 eam
428 3563 486 3602 esse
518 3547 665 3617 actionem,
691 3547 806 3616 ,,Τ1ιαα“.
855 3547 935 3598 Ueteri
959 3547 977 3600 l.
1004 3564 1026 3602 c.
1053 3563 1080 3615 p.
1107 3547 1141 3600 98
1153 3564 1178 3601 n.
1209 3549 1316 3616 scribit,

145 3652 204 3692 eam
222 3651 281 3690 esse
299 3637 351 3704 „ein
369 3638 419 3702 anf
432 3634 588 3686 Erkcuntm'ss
603 3635 758 3700 qeprr'tndctes
775 3633 914 3683 interdictos
930 3632 1028 3702 Tbna,“
1045 3633 1077 3687 cf.
1093 3653 1122 3699 p.
1136 3633 1193 3687 109.
1230 3635 1317 3686 Ddbnc

144 3720 163 3779 l.
191 3738 212 3776 c.
238 3738 265 3790 p.
292 3719 342 3774 103
368 3720 400 3774 cf.
427 3721 489 3773 171:
522 3738 546 3770 es
573 3721 604 3770 ist
629 3721 712 3769 dorum
739 3719 870 3769 wesentlicb
896 3719 998 3770 dersclbc
1024 3721 1123 3786 peistiqc
1150 3720 1205 3772 Act.
1241 3723 1317 3786 Korn,

146 3809 198 3858 Der
215 3807 295 3874 Brief
311 3808 407 3875 Jacobs,
426 3805 510 3875 1838,
527 3821 579 3859 nen
605 3806 645 3859 ita
671 3811 776 3874 aperte,
794 3821 819 3873 p.
837 3804 883 3858 48:
908 3803 1128 3873 Seelensdmmunp,
1157 3807 1239 3870 Orpan
1266 3823 1317 3854 zum

144 3894 283 3959 Erprcifcn.
318 3892 444 3961 Neandcr,
466 3891 600 3944 Gcscbt'clrte
617 3893 661 3942 der
679 3892 815 3955 Pstanzunq
832 3901 873 3944 etc.
892 3889 977 3958 1862,
991 3910 1019 3957 p.
1032 3889 1102 3944 553:
1128 3891 1264 3956 Handlunq
1276 3892 1318 3940 des

144 3981 239 4030 ionereu
265 3978 399 4030 Macaron.
442 3979 559 4046 Raetos,
585 3978 603 4030 l.
623 3993 644 4030 c.
663 3993 689 4045 p.
709 3976 770 4029 264:
806 3976 852 4026 dan
876 3977 975 4042 peistipc
1001 3977 1131 4043 Erprciseu
1158 3978 1199 4027 des
1226 3977 1319 4028 idccleu

145 4066 248 4132 Ledeue,
267 4063 299 4119 cf.
317 4082 343 4133 p.
363 4063 424 4118 258:
448 4066 498 4114 eine
508 4066 575 4131 frete
597 4061 659 4114 Tlos
677 4064 718 4113 des
738 4061 834 4116 Genetes.
869 4062 972 4128 lipsiam
988 4060 1005 4116 l.
1026 4079 1047 4116 c.
1061 4077 1087 4129 p.
1101 4061 1164 4115 105:
1188 4063 1319 4113 weseatlt'cb

152 4152 295 4213 Vertrauenp
314 4170 342 4216 p.
362 4151 427 4203 106:
451 4150 610 4200 rdclcbaltlose
629 4149 792 4214 Hinqabcdes
807 4147 931 4211 Gcmr'c'tlrs5
954 4165 979 4216 p.
994 4146 1044 4200 118
1056 4147 1187 4216 accipitur
1199 4147 1319 4203 definitio

146 4234 192 4291 illu
205 4234 342 4290 [bremam.
370 4237 467 4290 Koatla'n
479 4236 496 4289 l.
510 4251 531 4289 c.
544 4252 569 4304 p.
583 4233 634 4288 303
646 4251 680 4289 ss.
691 4238 757 4302 (non
768 4235 803 4287 de
811 4231 868 4288 sola
879 4234 993 4288 Paulina
1005 4234 1114 4288 notione
1129 4233 1246 4298 dicens):
1272 4235 1318 4284 dar

145 4323 305 4390 planopiano,
318 4323 502 4388 fundamentalc
523 4320 670 4373 Godcmeerk.
706 4326 812 4388 Darna,
833 4321 1042 4387 Jalrooclerfar
1059 4322 1167 4372 deutsche
1187 4319 1319 4387 malope,
1414 4361 1416 4364 -

150 4405 225 4476 1856,
238 4427 265 4476 p.
287 4407 333 4461 12:
360 4407 428 4459 Trieb
456 4410 517 4459 acob
543 4409 805 4474 Lebenspcmcimcbajt
830 4408 871 4458 mit
899 4406 960 4459 Gon.
996 4405 1100 4474 Rmcll,
1122 4407 1319 4474 Recbrjcrtipanp
