3160 4990
757 397 969 462 ..ρρ..ι

277 567 412 656 ἀλλήλων
436 565 478 634 τὰ
507 564 584 654 βάρη
612 565 793 651 βαστάζετε,
826 564 880 632 καὶ
911 562 1003 642 οὕτως
1025 561 1254 650 ἀναπληρώσετο
1275 559 1326 629 τὸν
1357 559 1449 648 νόμον

276 678 329 739 τοῦ
342 676 471 759 Χριστοῦ
486 674 522 734 ol.
537 676 618 736 Rom.
634 676 681 749 13,
697 675 812 734 8-10.
842 671 948 732 Pardus
963 673 1057 746 legem
1073 672 1156 746 quasi
1169 688 1220 731 vas
1236 673 1321 730 inane
1333 671 1378 730 uel
1390 669 1450 729 ior-

276 797 350 840 mam
368 781 483 840 inanem
502 779 573 839 dioit
588 795 650 838 esse
672 777 748 852 quod
770 777 807 837 ad
829 782 950 836 externa
972 776 1033 850 ejus
1055 780 1212 850 praecepta
1234 775 1351 848 attinet,
1374 790 1450 847 quae
1574 791 1575 842 j

276 883 390 958 quidem
403 883 527 943 debeant
539 883 653 958 impleri
667 897 762 942 amore
778 882 909 956 proximi.
930 881 994 938 Hoc
1004 880 1093 954 igitur
1103 877 1215 938 videtur
1230 895 1292 938 esse
1308 894 1449 936 summum

275 985 430 1071 δικαίωμα
443 987 529 1062 legis,
544 988 603 1046 tale
618 987 739 1060 scilieet,
756 987 840 1060 quale
855 987 920 1058 lege
935 983 1049 1043 sublata
1063 985 1160 1042 manet
1174 997 1267 1057 neque
1283 980 1449 1040 christianis

276 1110 332 1152 non
349 1091 559 1152 observandum
581 1096 638 1168 est,
661 1090 735 1150 unde
757 1089 861 1149 dicitur
883 1084 976 1169 νόμος
990 1086 1098 1147 Christi
1113 1085 1150 1146 ef.
1166 1086 1219 1147 Ev.
1235 1081 1301 1149 Joh.
1320 1086 1368 1162 13,
1391 1084 1449 1156 34;

278 1197 334 1270 15,
363 1197 418 1256 12:
446 1194 577 1254 Christus
605 1200 634 1252 et
659 1194 721 1268 ipse
750 1194 830 1266 quasi
851 1194 943 1266 legem
966 1190 1078 1251 dedisse
1101 1189 1216 1263 dieitur,
1238 1206 1301 1248 eam
1324 1187 1450 1262 quidem,

275 1305 307 1360 ut
328 1301 488 1376 proximum
511 1314 646 1358 amemus.
683 1297 748 1356 Hno
762 1312 831 1357 vero
847 1295 1008 1355 addendum
1025 1299 1082 1369 est,
1106 1293 1181 1369 quod
1196 1293 1260 1355 Gal.
1277 1294 1304 1367 6,
1322 1292 1447 1349 14-16

275 1421 305 1463 se
331 1404 425 1479 ipsum
446 1402 555 1474 Paulus
584 1402 654 1462 dicit
680 1418 738 1461 non
766 1401 884 1475 gloriari
910 1401 965 1459 nisi
988 1398 1024 1458 de
1046 1414 1132 1458 eruce
1156 1395 1280 1468 Christi3
1310 1394 1449 1455 mundum

275 1508 331 1568 sibi
352 1505 518 1567 crucifixum
540 1523 603 1567 esse
627 1511 709 1565 etse
732 1504 850 1577 mund03
881 1521 938 1564 non
965 1504 1040 1563 enim
1069 1500 1312 1562 circumcisionem
1340 1499 1449 1573 aliquid

276 1629 338 1672 esse
360 1628 452 1687 neque
474 1612 669 1686 praeputium,
696 1609 747 1669 sed
774 1623 878 1668 novam
906 1610 1082 1678 ereaturam
1109 1599 1163 1668 καὶ
1189 1598 1254 1667 ὅσοι
1280 1605 1323 1688 τῷ
1343 1598 1449 1666 κανόνι

274 1709 370 1800 τούτῳ
395 1715 573 1796 στοιχοῦσιν,
606 1707 705 1796 εἰρήνη
732 1708 774 1776 ἐπ’
805 1705 912 1787 αὐτούς
937 1711 1001 1773 κτλ.
1054 1711 1111 1770 Hie
1137 1710 1226 1784 igitur
1254 1725 1379 1768 summus
1402 1712 1449 1766 est

273 1813 377 1894 κανών,
399 1823 431 1879 ut
453 1819 580 1894 Christo,
603 1823 635 1877 ut
649 1819 712 1879 Deo
733 1818 859 1880 vivamus
886 1822 916 1876 et
937 1817 1097 1892 proximum
1117 1830 1257 1889 amemus,
1281 1813 1347 1887 quia
1369 1811 1448 1870 Deus

187 1935 188 1938 ’
274 1924 355 1996 velit;
381 1923 428 1983 hio
455 1928 500 1982 est
528 1938 628 1982 sensus
656 1922 783 1982 sublimis
811 1920 883 1996 legis
910 1919 1055 1980 Mosaicae
1083 1924 1112 1978 et
1142 1923 1291 1991 aeternus,
1320 1914 1356 1976 of.
1383 1913 1447 1974 Gal.

276 2028 304 2103 5,
333 2029 385 2099 13;
406 2028 488 2087 Rom.
515 2028 545 2099 1,
570 2026 718 2102 19-32;
746 2025 928 2105 7,25;11οο
958 2029 1003 2084 est
1024 2023 1095 2083 illud
1116 2019 1243 2103 be'lnpu
1267 2019 1342 2085 benit
1363 2021 1447 2080 Rom.

276 2133 309 2206 2,
345 2132 400 2210 18;
438 2132 491 2205 12,
523 2131 556 2204 2,
591 2129 667 2204 quod
696 2129 774 2188 Deus
804 2146 862 2189 non
887 2106 985 2203 potest
1018 2129 1086 2203 quin
1120 2130 1218 2186 teneat
1248 2124 1378 2202 Galo,
1411 2123 1446 2183 7:

274 2228 317 2316 μὴ
336 2232 512 2309 πλανᾶσῗιε,
535 2227 610 2306 &rebe
634 2226 666 2294 οὐ
681 2228 903 2315 μυκτηρίζεται.
948 2233 1002 2292 Est
1023 2232 1155 2291 voluntas
1177 2228 1317 2304 quaedam
1341 2227 1446 2303 divina,

274 2353 360 2412 quam
374 2338 454 2396 Deus
476 2337 632 2412 postulavit
651 2336 780 2410 postulat
803 2352 918 2411 semper
936 2334 1095 2409 postulabit
1113 2340 1145 2394 ut
1163 2334 1292 2394 homines
1309 2332 1447 2406 impleant

273 2439 366 2502 Rom?
381 2442 409 2517 2,
434 2442 530 2513 6-8;
556 2441 593 2499 II.
616 2439 680 2499 Cor.
704 2440 737 2516 5,
763 2441 810 2502 10.
854 2439 960 2500 Omnes
985 2439 1113 2499 homines
1142 2437 1203 2498 Gal.
1227 2439 1255 2511 3,
1278 2437 1336 2509 22;
1362 2435 1442 2494 Rom.

277 2545 303 2620 1,
321 2545 360 2603 18
375 2561 416 2617 ss;
432 2546 548 2619 3‚9ss.
564 2544 631 2604 inde
653 2544 689 2604 ab
705 2544 816 2604 Adamo
833 2543 861 2617 5,
887 2545 925 2604 12
941 2544 1022 2603 sain
1043 2548 1162 2618 peooato
1178 2547 1208 2602 et
1221 2543 1268 2602 ira
1281 2541 1337 2600 Dei
1354 2538 1441 2613 l,'18

274 2654 351 2723 sunt,
378 2649 445 2723 quia
471 2648 545 2708 hano
571 2650 747 2708 voluntatem
775 2665 833 2708 non
855 2648 1047 2722 impleverunt
1069 2663 1161 2722 neque
1183 2646 1310 2720 implent.
1353 2643 1394 2704 Ut
1417 2646 1447 2701 et

274 2753 376 2811 melius
398 2752 536 2827 impleant
559 2751 623 2814 Gal.
646 2753 675 2830 3,
700 2754 738 2811 19
763 2757 845 2813 etse
868 2769 926 2812 non
947 2752 1067 2825 implere
1090 2750 1304 2811 accuratissime
1328 2763 1446 2822 eognos-

275 2857 433 2918 oantRom.
445 2857 472 2932 3,
491 2857 537 2914 19.
548 2857 598 2931 20,
613 2861 732 2930 peooato
749 2851 950 2939 παραβάσεων
964 2855 1086 2916 formam
1095 2854 1230 2915 induente
1240 2855 1322 2914 Rom.
1334 2853 1361 2925 5,
1374 2852 1412 2910 13
1423 2867 1446 2910 s,

275 2966 305 3019 et
324 2960 599 3035 transgressionibus
621 2960 680 3019 sive
701 2953 944 3042 παραπτώμασιν
966 2961 1056 3020 auctis
1078 2960 1159 3021 Rom.
1184 2959 1212 3033 5,
1237 2958 1301 3031 20,,
1328 2955 1448 3016 ludaeis

273 3064 350 3124 Dens
373 3066 467 3138 legem
488 3065 626 3138 scriptam
649 3063 742 3139 dedit,
765 3081 823 3124 non
845 3069 982 3138 tanquam
1004 3066 1182 3125 voluntatem
1205 3063 1283 3121 illam
1299 3059 1448 3118 sublimem

273 3170 379 3244 ipsam,
402 3167 453 3228 sed
475 3155 755 3241 tanquam'tormam
777 3168 920 3242 quandam
943 3169 1004 3241 ejus
1027 3169 1152 3242 tempori
1175 3171 1205 3226 et
1233 3164 1314 3240 genti
1336 3178 1448 3222 aerom-

274 3272 430 3347 modatam,
453 3277 485 3331 ut
506 3272 543 3332 ad
564 3272 741 3333 voluntatem
760 3272 840 3331 illam
854 3271 1028 3347 implendam
1044 3272 1243 3332 educarentur.
1279 3268 1337 3336 Sed
1359 3267 1446 3327 etiam

274 3376 406 3451 gentibus
433 3392 604 3451 quamquam
631 3375 770 3448 eiusmodi
795 3376 888 3450 legem
911 3377 1047 3450 scriptam
1069 3377 1194 3436 divinam
1215 3390 1272 3433 non
1294 3371 1450 3444 habebant,

273 3482 304 3539 in
326 3480 434 3541 animos
457 3487 487 3541 et
502 3480 706 3540 conscientiam
720 3478 841 3539 formam
861 3480 1004 3553 quandam
1026 3480 1102 3539 illius
1122 3478 1289 3550 voluntatis,
1312 3472 1420 3550 imperf
1437 3506 1448 3518 -

262 3584 429 3658 ¹otissimam
451 3583 580 3661 quidem,
603 3583 691 3644 dedit.
737 3583 844 3656 Quodsi
868 3582 1011 3660 Christus,
1034 3583 1152 3645 Judaeis
1175 3584 1268 3657 legem
1289 3581 1448 3640 Mosaioam

273 3705 326 3762 pro
354 3688 410 3747 Dei
436 3688 584 3748 voluntate
611 3703 721 3747 summa
746 3689 810 3762 ipsa
839 3689 1029 3768 sumentibus,
1057 3689 1152 3763 legem
1181 3685 1309 3760 sustulit,
1340 3688 1449 3743 oertam

274 3790 416 3866 quandam
444 3790 620 3850 voluntatem
642 3792 699 3851 Dei
726 3796 837 3852 tantum
864 3791 956 3852 abfuit
981 3798 1015 3852 ut
1040 3793 1171 3867 tolleret,
1207 3796 1240 3850 ut
1274 3807 1336 3850 eam
1364 3805 1449 3864 aper·

274 3896 385 3955 tissime
415 3894 616 3969 proclamaret.
669 3894 754 3956 Unde
783 3895 829 3969 fit,
846 3908 889 3955 ‘ur
909 3897 992 3958 Rom.
1016 3897 1048 3973 3,
1079 3896 1119 3957 27
1148 3894 1183 3955 of.
1207 3897 1240 3971 8,
1264 3897 1283 3956 2
1307 3888 1335 3974 (ὃ
1358 3887 1449 3974 νόμος

274 3999 327 4063 τοῦ
347 3991 517 4079 πνεύματος
538 3999 594 4082 τῆς
617 3997 706 4081 ζωῆς)
734 4001 791 4075 legi
823 4018 942 4075 operum
974 4006 1137 4075 opponatur
1168 4001 1214 4059 lex
1245 3998 1326 4074 fidei,
1359 3991 1450 4078 νόμος

274 4099 404 4177 πίστεως
415 4101 453 4180 1),
483 4102 588 4162 deinde
617 4109 649 4162 ut
677 4103 716 4163 ib.
738 4121 764 4164 ν.
788 4105 839 4164 31.
873 4104 979 4163 Paulus
1011 4103 1146 4179 affirmet,
1185 4121 1216 4162 se
1247 4096 1337 4184 νόμον
1372 4103 1450 4162 nolle

274 4210 436 4290 καταργεῐν
458 4202 509 4269 διὰ
529 4206 585 4288 τῆς
607 4203 748 4282 πίστεως,
776 4207 827 4266 sed
851 4202 986 4283 ἱστάνειν,
1011 4208 1135 4282 σιτίσαι
1157 4211 1190 4265 nt
1213 4208 1240 4281 2,
1266 4208 1303 4266 16
1327 4207 1451 4283 dicatur,

274 4341 477 4354 *ann—n-

364 4413 382 4480 ¹)
402 4412 441 4467 Of.
461 4413 539 4476 Baur,
559 4411 658 4474 Ραωίιω,
677 4409 714 4461 II.
729 4427 756 4474 p.
776 4407 837 4464 209.
