<?xml version="1.0" encoding="UTF-8"?>
<!DOCTYPE html PUBLIC "-//W3C//DTD XHTML 1.0 Transitional//EN"
    "http://www.w3.org/TR/xhtml1/DTD/xhtml1-transitional.dtd">
<html xmlns="http://www.w3.org/1999/xhtml" xml:lang="en" lang="en">
 <head>
  <title>
</title>
<meta http-equiv="Content-Type" content="text/html;charset=utf-8" />
  <meta name='ocr-system' content='tesseract 3.04.00' />
  <meta name='ocr-capabilities' content='ocr_page ocr_carea ocr_par ocr_line ocrx_word'/>
</head>
<body>
  <div class='ocr_page' id='page_1' title='image "./defideinotionee00schngoog_0013.png"; bbox 0 0 3160 4990; ppageno 0'>
   <div class='ocr_carea' id='block_1_1' title="bbox 747 1527 989 1595">
    <p class='ocr_par' dir='ltr' id='par_1_1' title="bbox 747 1527 989 1595">
     <span class='ocr_line' id='line_1_1' title="bbox 747 1527 989 1595; baseline 0.004 -2"><span class='ocrx_word' id='word_1_1' title='bbox 747 1527 989 1595; x_wconf 77' lang='lat' dir='ltr'><strong>Prooemium.</strong></span> 
     </span>
    </p>
   </div>
   <div class='ocr_carea' id='block_1_2' title="bbox 278 1686 1464 2693">
    <p class='ocr_par' dir='ltr' id='par_1_2' title="bbox 278 1686 1464 2693">
     <span class='ocr_line' id='line_1_2' title="bbox 367 1686 1463 1764; baseline 0.005 -19"><span class='ocrx_word' id='word_1_2' title='bbox 367 1686 426 1745; x_wconf 90' lang='lat' dir='ltr'>Ubi</span> <span class='ocrx_word' id='word_1_3' title='bbox 446 1689 539 1759; x_wconf 92' lang='lat' dir='ltr'>primo</span> <span class='ocrx_word' id='word_1_4' title='bbox 561 1687 590 1745; x_wconf 92' lang='lat' dir='ltr'>in</span> <span class='ocrx_word' id='word_1_5' title='bbox 613 1687 688 1746; x_wconf 88' lang='lat' dir='ltr'>actis</span> <span class='ocrx_word' id='word_1_6' title='bbox 711 1688 909 1760; x_wconf 90' lang='lat' dir='ltr'>apostolorum</span> <span class='ocrx_word' id='word_1_7' title='bbox 932 1687 968 1745; x_wconf 94' lang='lat' dir='ltr'>de</span> <span class='ocrx_word' id='word_1_8' title='bbox 990 1688 1081 1746; x_wconf 88' lang='lat' dir='ltr'>Paulo</span> <span class='ocrx_word' id='word_1_9' title='bbox 1108 1687 1243 1746; x_wconf 81' lang='lat' dir='ltr'>scribitur</span> <span class='ocrx_word' id='word_1_10' title='bbox 1267 1691 1295 1764; x_wconf 85' lang='lat'>9,</span> <span class='ocrx_word' id='word_1_11' title='bbox 1322 1690 1378 1763; x_wconf 84' lang='lat'>15,</span> <span class='ocrx_word' id='word_1_12' title='bbox 1401 1689 1463 1750; x_wconf 91' lang='lat' dir='ltr'>Do·</span> 
     </span>
     <span class='ocr_line' id='line_1_3' title="bbox 281 1788 1464 1872; baseline 0.007 -26"><span class='ocrx_word' id='word_1_13' title='bbox 281 1791 373 1848; x_wconf 88' lang='lat' dir='ltr'>minus</span> <span class='ocrx_word' id='word_1_14' title='bbox 394 1791 456 1864; x_wconf 91' lang='lat' dir='ltr'>ipse</span> <span class='ocrx_word' id='word_1_15' title='bbox 479 1789 571 1850; x_wconf 81' lang='lat' dir='ltr'>fertur</span> <span class='ocrx_word' id='word_1_16' title='bbox 593 1791 708 1864; x_wconf 83' lang='lat' dir='ltr'>dixisse,</span> <span class='ocrx_word' id='word_1_17' title='bbox 730 1791 849 1849; x_wconf 91' lang='lat' dir='ltr'>Paulum</span> <span class='ocrx_word' id='word_1_18' title='bbox 872 1807 935 1849; x_wconf 86' lang='lat' dir='ltr'>esse</span> <span class='ocrx_word' id='word_1_19' title='bbox 958 1790 1065 1863; x_wconf 79' lang='grc' dir='ltr'>σκεῦος</span> <span class='ocrx_word' id='word_1_20' title='bbox 1088 1788 1214 1872; x_wconf 75' lang='grc' dir='ltr'>ἐκλογῆς</span> <span class='ocrx_word' id='word_1_21' title='bbox 1235 1792 1288 1853; x_wconf 80' lang='grc' dir='ltr'>τοῦ</span> <span class='ocrx_word' id='word_1_22' title='bbox 1307 1788 1464 1871; x_wconf 80' lang='grc' dir='ltr'>βαστάσαι</span> 
     </span>
     <span class='ocr_line' id='line_1_4' title="bbox 282 1886 1463 1976; baseline 0.002 -22"><span class='ocrx_word' id='word_1_23' title='bbox 282 1886 316 1954; x_wconf 85' lang='grc' dir='ltr'>τὸ</span> <span class='ocrx_word' id='word_1_24' title='bbox 339 1887 436 1974; x_wconf 73' lang='grc' dir='ltr'>ὄνομα</span> <span class='ocrx_word' id='word_1_25' title='bbox 458 1913 514 1976; x_wconf 85' lang='grc' dir='ltr'>μου</span> <span class='ocrx_word' id='word_1_26' title='bbox 536 1893 607 1967; x_wconf 85' lang='grc' dir='ltr'>κτλ;</span> <span class='ocrx_word' id='word_1_27' title='bbox 637 1895 760 1953; x_wconf 91' lang='lat' dir='ltr'>Paulum</span> <span class='ocrx_word' id='word_1_28' title='bbox 789 1897 885 1952; x_wconf 87' lang='lat' dir='ltr'>autem</span> <span class='ocrx_word' id='word_1_29' title='bbox 912 1895 1004 1969; x_wconf 92' lang='lat' dir='ltr'>ipsum</span> <span class='ocrx_word' id='word_1_30' title='bbox 1031 1895 1149 1968; x_wconf 86' lang='lat' dir='ltr'>legimus</span> <span class='ocrx_word' id='word_1_31' title='bbox 1176 1897 1273 1954; x_wconf 87' lang='lat' dir='ltr'>statim</span> <span class='ocrx_word' id='word_1_32' title='bbox 1299 1903 1365 1970; x_wconf 91' lang='lat' dir='ltr'>post</span> <span class='ocrx_word' id='word_1_33' title='bbox 1393 1913 1463 1956; x_wconf 90' lang='lat' dir='ltr'>con-</span> 
     </span>
     <span class='ocr_line' id='line_1_5' title="bbox 281 1983 1463 2073; baseline 0.003 -17"><span class='ocrx_word' id='word_1_34' title='bbox 281 1998 443 2057; x_wconf 84' lang='lat' dir='ltr'>versionem</span> <span class='ocrx_word' id='word_1_35' title='bbox 464 1997 677 2073; x_wconf 88' lang='lat' dir='ltr'>praedicavisse</span> <span class='ocrx_word' id='word_1_36' title='bbox 692 1990 799 2071; x_wconf 80' lang='lat' dir='ltr'>lesum,</span> <span class='ocrx_word' id='word_1_37' title='bbox 823 1990 869 2058; x_wconf 78' lang='grc' dir='ltr'>ὅτι</span> <span class='ocrx_word' id='word_1_38' title='bbox 892 1983 980 2071; x_wconf 48' lang='lat' dir='ltr'>obad&amp;</span> <span class='ocrx_word' id='word_1_39' title='bbox 1000 1995 1079 2060; x_wconf 75' lang='grc' dir='ltr'>ἐστιν</span> <span class='ocrx_word' id='word_1_40' title='bbox 1101 1991 1116 2059; x_wconf 83' lang='grc' dir='ltr'>ὁ</span> <span class='ocrx_word' id='word_1_41' title='bbox 1136 1991 1199 2071; x_wconf 75' lang='grc' dir='ltr'>υἱὸς</span> <span class='ocrx_word' id='word_1_42' title='bbox 1213 2000 1266 2061; x_wconf 79' lang='grc' dir='ltr'>τοῦ</span> <span class='ocrx_word' id='word_1_43' title='bbox 1279 1998 1354 2063; x_wconf 70' lang='lat' dir='ltr'>beot</span> <span class='ocrx_word' id='word_1_44' title='bbox 1370 2019 1394 2060; x_wconf 88' lang='lat' dir='ltr'>v.</span> <span class='ocrx_word' id='word_1_45' title='bbox 1411 2001 1463 2060; x_wconf 88' lang='grc'>20.</span> 
     </span>
     <span class='ocr_line' id='line_1_6' title="bbox 281 2100 1464 2176; baseline 0.003 -17"><span class='ocrx_word' id='word_1_46' title='bbox 281 2101 394 2160; x_wconf 89' lang='lat' dir='ltr'>Novam</span> <span class='ocrx_word' id='word_1_47' title='bbox 421 2102 477 2160; x_wconf 90' lang='lat' dir='ltr'>sibi</span> <span class='ocrx_word' id='word_1_48' title='bbox 505 2102 592 2175; x_wconf 82' lang='lat' dir='ltr'>elegit</span> <span class='ocrx_word' id='word_1_49' title='bbox 622 2103 699 2160; x_wconf 89' lang='lat' dir='ltr'>viam</span> <span class='ocrx_word' id='word_1_50' title='bbox 728 2100 832 2174; x_wconf 83' lang='lat' dir='ltr'>agendi</span> <span class='ocrx_word' id='word_1_51' title='bbox 854 2100 962 2159; x_wconf 90' lang='lat' dir='ltr'>Paulus</span> <span class='ocrx_word' id='word_1_52' title='bbox 985 2118 1041 2160; x_wconf 91' lang='lat' dir='ltr'>non</span> <span class='ocrx_word' id='word_1_53' title='bbox 1069 2101 1245 2174; x_wconf 84' lang='lat' dir='ltr'>voluntarie,</span> <span class='ocrx_word' id='word_1_54' title='bbox 1274 2103 1324 2161; x_wconf 90' lang='lat' dir='ltr'>sed</span> <span class='ocrx_word' id='word_1_55' title='bbox 1355 2119 1464 2176; x_wconf 83' lang='lat' dir='ltr'>magna</span> 
     </span>
     <span class='ocr_line' id='line_1_7' title="bbox 279 2203 1463 2280; baseline 0.003 -19"><span class='ocrx_word' id='word_1_56' title='bbox 279 2205 331 2261; x_wconf 90' lang='lat' dir='ltr'>illa</span> <span class='ocrx_word' id='word_1_57' title='bbox 353 2206 528 2265; x_wconf 82' lang='lat' dir='ltr'>revelatione</span> <span class='ocrx_word' id='word_1_58' title='bbox 556 2215 729 2277; x_wconf 84' lang='lat' dir='ltr'>commotus3</span> <span class='ocrx_word' id='word_1_59' title='bbox 759 2208 846 2277; x_wconf 87' lang='lat' dir='ltr'>atque</span> <span class='ocrx_word' id='word_1_60' title='bbox 877 2203 943 2263; x_wconf 89' lang='lat' dir='ltr'>inde</span> <span class='ocrx_word' id='word_1_61' title='bbox 973 2203 1009 2262; x_wconf 89' lang='lat' dir='ltr'>ah</span> <span class='ocrx_word' id='word_1_62' title='bbox 1037 2205 1086 2263; x_wconf 91' lang='lat' dir='ltr'>illo</span> <span class='ocrx_word' id='word_1_63' title='bbox 1115 2209 1243 2280; x_wconf 88' lang='lat' dir='ltr'>tempore</span> <span class='ocrx_word' id='word_1_64' title='bbox 1270 2221 1380 2264; x_wconf 91' lang='lat' dir='ltr'>summa</span> <span class='ocrx_word' id='word_1_65' title='bbox 1406 2203 1463 2264; x_wconf 88' lang='lat' dir='ltr'>luit</span> 
     </span>
     <span class='ocr_line' id='line_1_8' title="bbox 279 2307 1461 2384; baseline 0.003 -19"><span class='ocrx_word' id='word_1_66' title='bbox 279 2307 503 2381; x_wconf 84' lang='lat' dir='ltr'>praedicationis</span> <span class='ocrx_word' id='word_1_67' title='bbox 520 2309 594 2382; x_wconf 84' lang='lat' dir='ltr'>eJ&#39;us:</span> <span class='ocrx_word' id='word_1_68' title='bbox 616 2308 709 2381; x_wconf 80' lang='lat' dir='ltr'>lesus,</span> <span class='ocrx_word' id='word_1_69' title='bbox 733 2323 817 2381; x_wconf 86' lang='lat' dir='ltr'>quem</span> <span class='ocrx_word' id='word_1_70' title='bbox 841 2310 927 2365; x_wconf 90' lang='lat' dir='ltr'>antea</span> <span class='ocrx_word' id='word_1_71' title='bbox 949 2313 1117 2381; x_wconf 91' lang='lat' dir='ltr'>persecutus</span> <span class='ocrx_word' id='word_1_72' title='bbox 1139 2325 1210 2384; x_wconf 89' lang='lat' dir='ltr'>sum,</span> <span class='ocrx_word' id='word_1_73' title='bbox 1234 2325 1250 2366; x_wconf 93' lang='lat' dir='ltr'>e</span> <span class='ocrx_word' id='word_1_74' title='bbox 1272 2310 1391 2367; x_wconf 88' lang='lat' dir='ltr'>mortuis</span> <span class='ocrx_word' id='word_1_75' title='bbox 1413 2325 1461 2368; x_wconf 88' lang='lat' dir='ltr'>re-</span> 
     </span>
     <span class='ocr_line' id='line_1_9' title="bbox 280 2410 1456 2482; baseline 0.004 -12"><span class='ocrx_word' id='word_1_76' title='bbox 280 2413 405 2470; x_wconf 85' lang='lat' dir='ltr'>surrexit</span> <span class='ocrx_word' id='word_1_77' title='bbox 432 2417 462 2471; x_wconf 80' lang='grc'>11</span> <span class='ocrx_word' id='word_1_78' title='bbox 488 2410 565 2471; x_wconf 88' lang='lat' dir='ltr'>filius</span> <span class='ocrx_word' id='word_1_79' title='bbox 592 2412 647 2471; x_wconf 91' lang='lat' dir='ltr'>Dei</span> <span class='ocrx_word' id='word_1_80' title='bbox 676 2411 888 2470; x_wconf 88' lang='lat' dir='ltr'>demonstratus</span> <span class='ocrx_word' id='word_1_81' title='bbox 916 2415 972 2482; x_wconf 88' lang='lat' dir='ltr'>est;</span> <span class='ocrx_word' id='word_1_82' title='bbox 999 2412 1028 2468; x_wconf 92' lang='lat' dir='ltr'>in</span> <span class='ocrx_word' id='word_1_83' title='bbox 1058 2427 1092 2469; x_wconf 89' lang='lat' dir='ltr'>eo</span> <span class='ocrx_word' id='word_1_84' title='bbox 1121 2412 1180 2469; x_wconf 92' lang='lat' dir='ltr'>solo</span> <span class='ocrx_word' id='word_1_85' title='bbox 1209 2413 1285 2469; x_wconf 91' lang='lat' dir='ltr'>salus</span> <span class='ocrx_word' id='word_1_86' title='bbox 1307 2411 1456 2474; x_wconf 84' lang='lat' dir='ltr'>invenitur.</span> 
     </span>
     <span class='ocr_line' id='line_1_10' title="bbox 278 2514 1458 2588; baseline 0 -16"><span class='ocrx_word' id='word_1_87' title='bbox 278 2514 358 2573; x_wconf 91' lang='lat' dir='ltr'>Idem</span> <span class='ocrx_word' id='word_1_88' title='bbox 382 2533 418 2575; x_wconf 89' lang='lat' dir='ltr'>ex</span> <span class='ocrx_word' id='word_1_89' title='bbox 441 2515 619 2574; x_wconf 87' lang='lat' dir='ltr'>orationibus</span> <span class='ocrx_word' id='word_1_90' title='bbox 645 2516 706 2587; x_wconf 76' lang='lat' dir='ltr'>eJus</span> <span class='ocrx_word' id='word_1_91' title='bbox 733 2531 806 2588; x_wconf 88' lang='lat' dir='ltr'>quae</span> <span class='ocrx_word' id='word_1_92' title='bbox 834 2520 901 2572; x_wconf 92' lang='lat' dir='ltr'>sunt</span> <span class='ocrx_word' id='word_1_93' title='bbox 927 2515 957 2571; x_wconf 91' lang='lat' dir='ltr'>in</span> <span class='ocrx_word' id='word_1_94' title='bbox 985 2515 1056 2572; x_wconf 91' lang='lat' dir='ltr'>aclis</span> <span class='ocrx_word' id='word_1_95' title='bbox 1084 2515 1295 2588; x_wconf 89' lang='lat' dir='ltr'>apostolorum,</span> <span class='ocrx_word' id='word_1_96' title='bbox 1327 2515 1399 2573; x_wconf 92' lang='lat' dir='ltr'>idem</span> <span class='ocrx_word' id='word_1_97' title='bbox 1421 2529 1458 2572; x_wconf 86' lang='lat' dir='ltr'>ex</span> 
     </span>
     <span class='ocr_line' id='line_1_11' title="bbox 278 2619 616 2693; baseline 0.006 -16"><span class='ocrx_word' id='word_1_98' title='bbox 278 2619 408 2692; x_wconf 90' lang='lat' dir='ltr'>epistolis</span> <span class='ocrx_word' id='word_1_99' title='bbox 430 2620 616 2693; x_wconf 83' lang='lat' dir='ltr'>perspicitur.</span> 
     </span>
    </p>
   </div>
   <div class='ocr_carea' id='block_1_3' title="bbox 364 2720 1556 2797">
    <p class='ocr_par' dir='ltr' id='par_1_3' title="bbox 364 2720 1556 2797">
     <span class='ocr_line' id='line_1_12' title="bbox 364 2720 1556 2797; baseline 0 -17"><span class='ocrx_word' id='word_1_100' title='bbox 364 2723 435 2781; x_wconf 92' lang='lat' dir='ltr'>Inde</span> <span class='ocrx_word' id='word_1_101' title='bbox 462 2721 569 2781; x_wconf 87' lang='lat' dir='ltr'>factum</span> <span class='ocrx_word' id='word_1_102' title='bbox 596 2727 651 2797; x_wconf 89' lang='lat' dir='ltr'>est,</span> <span class='ocrx_word' id='word_1_103' title='bbox 683 2726 716 2780; x_wconf 91' lang='lat' dir='ltr'>ut</span> <span class='ocrx_word' id='word_1_104' title='bbox 738 2721 891 2779; x_wconf 86' lang='lat' dir='ltr'>maximum</span> <span class='ocrx_word' id='word_1_105' title='bbox 914 2721 941 2778; x_wconf 91' lang='lat' dir='ltr'>ei</span> <span class='ocrx_word' id='word_1_106' title='bbox 963 2720 1112 2780; x_wconf 90' lang='lat' dir='ltr'>videretur</span> <span class='ocrx_word' id='word_1_107' title='bbox 1134 2720 1290 2781; x_wconf 88' lang='lat' dir='ltr'>discrimen</span> <span class='ocrx_word' id='word_1_108' title='bbox 1311 2737 1374 2781; x_wconf 89' lang='lat' dir='ltr'>esse</span> <span class='ocrx_word' id='word_1_109' title='bbox 1390 2721 1461 2780; x_wconf 91' lang='lat' dir='ltr'>dua·</span> <span class='ocrx_word' id='word_1_110' title='bbox 1555 2749 1556 2754; x_wconf 41' lang='lat'>1</span> 
     </span>
    </p>
   </div>
   <div class='ocr_carea' id='block_1_4' title="bbox 270 2822 1555 4143">
    <p class='ocr_par' dir='ltr' id='par_1_4' title="bbox 270 2822 1555 4143">
     <span class='ocr_line' id='line_1_13' title="bbox 277 2822 1462 2901; baseline -0.003 -15"><span class='ocrx_word' id='word_1_111' title='bbox 277 2844 342 2886; x_wconf 90' lang='lat' dir='ltr'>rum</span> <span class='ocrx_word' id='word_1_112' title='bbox 364 2827 439 2886; x_wconf 89' lang='lat' dir='ltr'>vitae</span> <span class='ocrx_word' id='word_1_113' title='bbox 467 2843 536 2886; x_wconf 88' lang='lat' dir='ltr'>suae</span> <span class='ocrx_word' id='word_1_114' title='bbox 559 2827 683 2901; x_wconf 88' lang='lat' dir='ltr'>partium</span> <span class='ocrx_word' id='word_1_115' title='bbox 699 2822 733 2900; x_wconf 89' lang='lat'>¹).</span> <span class='ocrx_word' id='word_1_116' title='bbox 777 2825 821 2883; x_wconf 86' lang='lat' dir='ltr'>Eo</span> <span class='ocrx_word' id='word_1_117' title='bbox 852 2824 927 2881; x_wconf 90' lang='lat' dir='ltr'>enim</span> <span class='ocrx_word' id='word_1_118' title='bbox 956 2830 1102 2898; x_wconf 87' lang='lat' dir='ltr'>tempore,</span> <span class='ocrx_word' id='word_1_119' title='bbox 1134 2825 1211 2898; x_wconf 91' lang='lat' dir='ltr'>quod</span> <span class='ocrx_word' id='word_1_120' title='bbox 1242 2830 1309 2884; x_wconf 86' lang='lat' dir='ltr'>ante</span> <span class='ocrx_word' id='word_1_121' title='bbox 1340 2841 1462 2885; x_wconf 90' lang='lat' dir='ltr'>conver-</span> 
     </span>
     <span class='ocr_line' id='line_1_14' title="bbox 278 2921 1462 3003; baseline 0.001 -15"><span class='ocrx_word' id='word_1_122' title='bbox 278 2921 387 2988; x_wconf 87' lang='lat' dir='ltr'>sionem</span> <span class='ocrx_word' id='word_1_123' title='bbox 410 2935 482 3002; x_wconf 86' lang='lat' dir='ltr'>erat,</span> <span class='ocrx_word' id='word_1_124' title='bbox 504 2930 604 2989; x_wconf 81' lang='lat' dir='ltr'>lesum</span> <span class='ocrx_word' id='word_1_125' title='bbox 628 2935 657 2987; x_wconf 92' lang='lat' dir='ltr'>et</span> <span class='ocrx_word' id='word_1_126' title='bbox 679 2929 832 2987; x_wconf 88' lang='lat' dir='ltr'>ecclesiam</span> <span class='ocrx_word' id='word_1_127' title='bbox 855 2928 910 2986; x_wconf 88' lang='lat' dir='ltr'>Dei</span> <span class='ocrx_word' id='word_1_128' title='bbox 939 2927 985 2987; x_wconf 94' lang='lat' dir='ltr'>vel</span> <span class='ocrx_word' id='word_1_129' title='bbox 1011 2928 1198 3001; x_wconf 82' lang='lat' dir='ltr'>ignoraverat</span> <span class='ocrx_word' id='word_1_130' title='bbox 1226 2928 1270 2988; x_wconf 92' lang='lat' dir='ltr'>vel</span> <span class='ocrx_word' id='word_1_131' title='bbox 1291 2934 1462 3003; x_wconf 89' lang='lat' dir='ltr'>persecutus</span> 
     </span>
     <span class='ocr_line' id='line_1_15' title="bbox 279 3031 1462 3107; baseline -0.001 -15"><span class='ocrx_word' id='word_1_132' title='bbox 279 3038 356 3105; x_wconf 86' lang='lat' dir='ltr'>erat;</span> <span class='ocrx_word' id='word_1_133' title='bbox 386 3039 453 3107; x_wconf 93' lang='lat' dir='ltr'>post</span> <span class='ocrx_word' id='word_1_134' title='bbox 482 3034 700 3092; x_wconf 89' lang='lat' dir='ltr'>conversionem</span> <span class='ocrx_word' id='word_1_135' title='bbox 721 3032 792 3091; x_wconf 89' lang='lat' dir='ltr'>Jesu</span> <span class='ocrx_word' id='word_1_136' title='bbox 822 3032 976 3092; x_wconf 87' lang='lat' dir='ltr'>serviebat.</span> <span class='ocrx_word' id='word_1_137' title='bbox 1022 3031 1124 3090; x_wconf 87' lang='lat' dir='ltr'>Ortum</span> <span class='ocrx_word' id='word_1_138' title='bbox 1152 3035 1196 3090; x_wconf 90' lang='lat' dir='ltr'>est</span> <span class='ocrx_word' id='word_1_139' title='bbox 1222 3031 1277 3091; x_wconf 88' lang='lat' dir='ltr'>hoc</span> <span class='ocrx_word' id='word_1_140' title='bbox 1304 3033 1462 3091; x_wconf 88' lang='lat' dir='ltr'>discrimen</span> 
     </span>
     <span class='ocr_line' id='line_1_16' title="bbox 277 3134 1463 3212; baseline -0.001 -16"><span class='ocrx_word' id='word_1_141' title='bbox 277 3138 354 3212; x_wconf 88' lang='lat' dir='ltr'>quod</span> <span class='ocrx_word' id='word_1_142' title='bbox 385 3137 462 3196; x_wconf 89' lang='lat' dir='ltr'>inter</span> <span class='ocrx_word' id='word_1_143' title='bbox 484 3134 560 3198; x_wconf 84' lang='grc' dir='ltr'>ποτέ</span> <span class='ocrx_word' id='word_1_144' title='bbox 580 3141 610 3196; x_wconf 82' lang='grc'>11</span> <span class='ocrx_word' id='word_1_145' title='bbox 631 3134 680 3196; x_wconf 79' lang='grc' dir='ltr'>νῦν</span> <span class='ocrx_word' id='word_1_146' title='bbox 703 3141 780 3207; x_wconf 87' lang='lat' dir='ltr'>erat,</span> <span class='ocrx_word' id='word_1_147' title='bbox 813 3136 837 3192; x_wconf 92' lang='lat' dir='ltr'>si</span> <span class='ocrx_word' id='word_1_148' title='bbox 865 3150 925 3192; x_wconf 87' lang='lat' dir='ltr'>rem</span> <span class='ocrx_word' id='word_1_149' title='bbox 948 3138 1097 3193; x_wconf 86' lang='lat' dir='ltr'>externam</span> <span class='ocrx_word' id='word_1_150' title='bbox 1124 3135 1307 3212; x_wconf 77' lang='lat' dir='ltr'>respicimuS,</span> <span class='ocrx_word' id='word_1_151' title='bbox 1338 3152 1373 3194; x_wconf 89' lang='lat' dir='ltr'>ex</span> <span class='ocrx_word' id='word_1_152' title='bbox 1395 3136 1463 3210; x_wconf 88' lang='lat' dir='ltr'>ipsa</span> 
     </span>
     <span class='ocr_line' id='line_1_17' title="bbox 277 3237 1460 3318; baseline 0 -20"><span class='ocrx_word' id='word_1_153' title='bbox 277 3242 328 3299; x_wconf 89' lang='lat' dir='ltr'>illa</span> <span class='ocrx_word' id='word_1_154' title='bbox 349 3242 536 3318; x_wconf 84' lang='lat' dir='ltr'>revelatione,</span> <span class='ocrx_word' id='word_1_155' title='bbox 559 3242 584 3298; x_wconf 92' lang='lat' dir='ltr'>si</span> <span class='ocrx_word' id='word_1_156' title='bbox 607 3256 676 3299; x_wconf 90' lang='lat' dir='ltr'>vero</span> <span class='ocrx_word' id='word_1_157' title='bbox 699 3240 824 3298; x_wconf 89' lang='lat' dir='ltr'>animum</span> <span class='ocrx_word' id='word_1_158' title='bbox 845 3237 927 3296; x_wconf 88' lang='lat' dir='ltr'>Pauli</span> <span class='ocrx_word' id='word_1_159' title='bbox 951 3238 1213 3311; x_wconf 87' lang='lat' dir='ltr'>animadvertimus,</span> <span class='ocrx_word' id='word_1_160' title='bbox 1240 3255 1276 3298; x_wconf 87' lang='lat' dir='ltr'>ex</span> <span class='ocrx_word' id='word_1_161' title='bbox 1299 3255 1334 3297; x_wconf 90' lang='lat' dir='ltr'>ea</span> <span class='ocrx_word' id='word_1_162' title='bbox 1354 3255 1397 3314; x_wconf 89' lang='lat' dir='ltr'>re,</span> <span class='ocrx_word' id='word_1_163' title='bbox 1420 3238 1460 3298; x_wconf 93' lang='lat' dir='ltr'>de</span> 
     </span>
     <span class='ocr_line' id='line_1_18' title="bbox 276 3339 1459 3417; baseline 0.002 -15"><span class='ocrx_word' id='word_1_164' title='bbox 276 3361 333 3417; x_wconf 87' lang='lat' dir='ltr'>qua</span> <span class='ocrx_word' id='word_1_165' title='bbox 347 3345 397 3403; x_wconf 89' lang='lat' dir='ltr'>illa</span> <span class='ocrx_word' id='word_1_166' title='bbox 412 3345 522 3403; x_wconf 87' lang='lat' dir='ltr'>visione</span> <span class='ocrx_word' id='word_1_167' title='bbox 537 3345 645 3403; x_wconf 89' lang='lat' dir='ltr'>certior</span> <span class='ocrx_word' id='word_1_168' title='bbox 667 3339 760 3401; x_wconf 87' lang='lat' dir='ltr'>factus</span> <span class='ocrx_word' id='word_1_169' title='bbox 777 3346 829 3413; x_wconf 89' lang='lat' dir='ltr'>est,</span> <span class='ocrx_word' id='word_1_170' title='bbox 850 3341 962 3399; x_wconf 89' lang='lat' dir='ltr'>scilicet</span> <span class='ocrx_word' id='word_1_171' title='bbox 977 3339 1122 3399; x_wconf 82' lang='lat' dir='ltr'>Christum</span> <span class='ocrx_word' id='word_1_172' title='bbox 1144 3343 1242 3401; x_wconf 90' lang='lat' dir='ltr'>vivere</span> <span class='ocrx_word' id='word_1_173' title='bbox 1257 3341 1323 3403; x_wconf 85' lang='lat' dir='ltr'>Act.</span> <span class='ocrx_word' id='word_1_174' title='bbox 1339 3343 1387 3400; x_wconf 84' lang='lat'>13.</span> <span class='ocrx_word' id='word_1_175' title='bbox 1407 3341 1459 3404; x_wconf 86' lang='grc'>17.</span> 
     </span>
     <span class='ocr_line' id='line_1_19' title="bbox 277 3443 1459 3520; baseline -0.003 -14"><span class='ocrx_word' id='word_1_176' title='bbox 277 3448 365 3509; x_wconf 87' lang='grc'><strong>221.</strong></span> <span class='ocrx_word' id='word_1_177' title='bbox 382 3447 447 3506; x_wconf 88' lang='lat' dir='ltr'>Cor.</span> <span class='ocrx_word' id='word_1_178' title='bbox 467 3447 515 3520; x_wconf 87' lang='lat'>15,</span> <span class='ocrx_word' id='word_1_179' title='bbox 538 3448 615 3506; x_wconf 90' lang='lat' dir='ltr'>unde</span> <span class='ocrx_word' id='word_1_180' title='bbox 638 3446 789 3517; x_wconf 87' lang='lat' dir='ltr'>intellexit,</span> <span class='ocrx_word' id='word_1_181' title='bbox 813 3461 877 3504; x_wconf 89' lang='lat' dir='ltr'>eum</span> <span class='ocrx_word' id='word_1_182' title='bbox 900 3443 990 3502; x_wconf 90' lang='lat' dir='ltr'>filium</span> <span class='ocrx_word' id='word_1_183' title='bbox 1010 3444 1065 3503; x_wconf 90' lang='lat' dir='ltr'>Dei</span> <span class='ocrx_word' id='word_1_184' title='bbox 1088 3459 1153 3504; x_wconf 91' lang='lat' dir='ltr'>esse</span> <span class='ocrx_word' id='word_1_185' title='bbox 1176 3443 1213 3502; x_wconf 89' lang='lat' dir='ltr'>ad</span> <span class='ocrx_word' id='word_1_186' title='bbox 1235 3444 1366 3503; x_wconf 90' lang='lat' dir='ltr'>homines</span> <span class='ocrx_word' id='word_1_187' title='bbox 1389 3445 1459 3503; x_wconf 92' lang='lat' dir='ltr'>mis-</span> 
     </span>
     <span class='ocr_line' id='line_1_20' title="bbox 275 3546 1459 3630; baseline -0.002 -21"><span class='ocrx_word' id='word_1_188' title='bbox 275 3567 336 3609; x_wconf 91' lang='lat' dir='ltr'>sum</span> <span class='ocrx_word' id='word_1_189' title='bbox 368 3551 579 3626; x_wconf 88' lang='lat' dir='ltr'>conclusitque,</span> <span class='ocrx_word' id='word_1_190' title='bbox 614 3568 678 3609; x_wconf 88' lang='lat' dir='ltr'>eum</span> <span class='ocrx_word' id='word_1_191' title='bbox 706 3548 829 3630; x_wconf 77' lang='grc' dir='ltr'>σωτῆρα</span> <span class='ocrx_word' id='word_1_192' title='bbox 859 3564 923 3607; x_wconf 88' lang='lat' dir='ltr'>esse</span> <span class='ocrx_word' id='word_1_193' title='bbox 954 3546 1112 3618; x_wconf 89' lang='lat' dir='ltr'>hominum,</span> <span class='ocrx_word' id='word_1_194' title='bbox 1146 3563 1202 3620; x_wconf 90' lang='lat' dir='ltr'>quo</span> <span class='ocrx_word' id='word_1_195' title='bbox 1233 3547 1348 3621; x_wconf 89' lang='lat' dir='ltr'>quidem</span> <span class='ocrx_word' id='word_1_196' title='bbox 1375 3547 1459 3607; x_wconf 88' lang='lat' dir='ltr'>Deus</span> 
     </span>
     <span class='ocr_line' id='line_1_21' title="bbox 274 3647 1457 3737; baseline -0.004 -20"><span class='ocrx_word' id='word_1_197' title='bbox 274 3649 423 3737; x_wconf 81' lang='grc' dir='ltr'>σωτηρίαν</span> <span class='ocrx_word' id='word_1_198' title='bbox 445 3655 489 3713; x_wconf 91' lang='lat' dir='ltr'>vel</span> <span class='ocrx_word' id='word_1_199' title='bbox 513 3648 589 3736; x_wconf 84' lang='grc' dir='ltr'>ζωὴν</span> <span class='ocrx_word' id='word_1_200' title='bbox 613 3647 726 3715; x_wconf 75' lang='grc' dir='ltr'>αἰώνιον</span> <span class='ocrx_word' id='word_1_201' title='bbox 748 3652 879 3710; x_wconf 90' lang='lat' dir='ltr'>omnibus</span> <span class='ocrx_word' id='word_1_202' title='bbox 894 3650 1056 3710; x_wconf 92' lang='lat' dir='ltr'>hominihus</span> <span class='ocrx_word' id='word_1_203' title='bbox 1072 3650 1168 3724; x_wconf 85' lang='lat' dir='ltr'>gratia</span> <span class='ocrx_word' id='word_1_204' title='bbox 1184 3667 1235 3708; x_wconf 88' lang='lat' dir='ltr'>sua</span> <span class='ocrx_word' id='word_1_205' title='bbox 1251 3649 1360 3710; x_wconf 86' lang='lat' dir='ltr'>donare</span> <span class='ocrx_word' id='word_1_206' title='bbox 1375 3650 1457 3712; x_wconf 89' lang='lat' dir='ltr'>velit.</span> 
     </span>
     <span class='ocr_line' id='line_1_22' title="bbox 358 3753 1458 3829; baseline -0.005 -11"><span class='ocrx_word' id='word_1_207' title='bbox 358 3759 431 3818; x_wconf 91' lang='lat' dir='ltr'>lude</span> <span class='ocrx_word' id='word_1_208' title='bbox 462 3758 498 3818; x_wconf 90' lang='lat' dir='ltr'>ah</span> <span class='ocrx_word' id='word_1_209' title='bbox 528 3758 630 3818; x_wconf 93' lang='lat' dir='ltr'>eodem</span> <span class='ocrx_word' id='word_1_210' title='bbox 660 3774 729 3817; x_wconf 91' lang='lat' dir='ltr'>vero</span> <span class='ocrx_word' id='word_1_211' title='bbox 757 3757 807 3815; x_wconf 95' lang='lat' dir='ltr'>illo</span> <span class='ocrx_word' id='word_1_212' title='bbox 836 3760 966 3829; x_wconf 87' lang='lat' dir='ltr'>tempore</span> <span class='ocrx_word' id='word_1_213' title='bbox 998 3753 1084 3814; x_wconf 87' lang='lat' dir='ltr'>fidem</span> <span class='ocrx_word' id='word_1_214' title='bbox 1109 3755 1291 3828; x_wconf 88' lang='lat' dir='ltr'>praedicavit</span> <span class='ocrx_word' id='word_1_215' title='bbox 1317 3759 1458 3829; x_wconf 87' lang='lat' dir='ltr'>tanquam</span> 
     </span>
     <span class='ocr_line' id='line_1_23' title="bbox 272 3857 1555 3935; baseline -0.003 -13"><span class='ocrx_word' id='word_1_216' title='bbox 272 3879 336 3922; x_wconf 89' lang='lat' dir='ltr'>eam</span> <span class='ocrx_word' id='word_1_217' title='bbox 358 3865 500 3922; x_wconf 89' lang='lat' dir='ltr'>actionem</span> <span class='ocrx_word' id='word_1_218' title='bbox 522 3863 673 3935; x_wconf 89' lang='lat' dir='ltr'>internam,</span> <span class='ocrx_word' id='word_1_219' title='bbox 697 3877 770 3934; x_wconf 86' lang='lat' dir='ltr'>quae</span> <span class='ocrx_word' id='word_1_220' title='bbox 793 3864 859 3918; x_wconf 91' lang='lat' dir='ltr'>orta</span> <span class='ocrx_word' id='word_1_221' title='bbox 881 3860 919 3918; x_wconf 93' lang='lat' dir='ltr'>sit</span> <span class='ocrx_word' id='word_1_222' title='bbox 942 3876 977 3918; x_wconf 88' lang='lat' dir='ltr'>ex</span> <span class='ocrx_word' id='word_1_223' title='bbox 991 3860 1041 3918; x_wconf 88' lang='lat' dir='ltr'>illa</span> <span class='ocrx_word' id='word_1_224' title='bbox 1056 3858 1233 3918; x_wconf 89' lang='lat' dir='ltr'>revelatione</span> <span class='ocrx_word' id='word_1_225' title='bbox 1250 3857 1355 3916; x_wconf 87' lang='lat' dir='ltr'>Christi</span> <span class='ocrx_word' id='word_1_226' title='bbox 1369 3859 1456 3931; x_wconf 89' lang='lat' dir='ltr'>eique</span> <span class='ocrx_word' id='word_1_227' title='bbox 1554 3897 1555 3918; x_wconf 56' lang='grc'><strong>1</strong></span> 
     </span>
     <span class='ocr_line' id='line_1_24' title="bbox 270 3939 1555 4041; baseline -0.005 -17"><span class='ocrx_word' id='word_1_228' title='bbox 270 3967 460 4040; x_wconf 87' lang='lat' dir='ltr'>respondeat,</span> <span class='ocrx_word' id='word_1_229' title='bbox 491 3982 565 4041; x_wconf 88' lang='lat' dir='ltr'>quae</span> <span class='ocrx_word' id='word_1_230' title='bbox 589 3983 618 4025; x_wconf 88' lang='lat' dir='ltr'>se</span> <span class='ocrx_word' id='word_1_231' title='bbox 642 3965 749 4039; x_wconf 85' lang='lat' dir='ltr'>dirigat</span> <span class='ocrx_word' id='word_1_232' title='bbox 779 3964 809 4022; x_wconf 92' lang='lat' dir='ltr'>in</span> <span class='ocrx_word' id='word_1_233' title='bbox 831 3963 975 4022; x_wconf 84' lang='lat' dir='ltr'>Christum</span> <span class='ocrx_word' id='word_1_234' title='bbox 1005 3963 1148 4021; x_wconf 90' lang='lat' dir='ltr'>viventem</span> <span class='ocrx_word' id='word_1_235' title='bbox 1170 3963 1282 4035; x_wconf 90' lang='lat' dir='ltr'>Deique</span> <span class='ocrx_word' id='word_1_236' title='bbox 1311 3977 1365 4035; x_wconf 89' lang='lat' dir='ltr'>per</span> <span class='ocrx_word' id='word_1_237' title='bbox 1388 3977 1456 4019; x_wconf 90' lang='lat' dir='ltr'>eum</span> <span class='ocrx_word' id='word_1_238' title='bbox 1554 3939 1555 3954; x_wconf 40' lang='lat'>¹</span> 
     </span>
     <span class='ocr_line' id='line_1_25' title="bbox 270 4065 1263 4143; baseline -0.008 -15"><span class='ocrx_word' id='word_1_239' title='bbox 270 4069 451 4128; x_wconf 79' lang='lat' dir='ltr'>manifestam</span> <span class='ocrx_word' id='word_1_240' title='bbox 473 4071 603 4143; x_wconf 84' lang='lat' dir='ltr'>gratiam,</span> <span class='ocrx_word' id='word_1_241' title='bbox 626 4069 749 4142; x_wconf 90' lang='lat' dir='ltr'>denique</span> <span class='ocrx_word' id='word_1_242' title='bbox 772 4083 830 4141; x_wconf 88' lang='lat' dir='ltr'>qua</span> <span class='ocrx_word' id='word_1_243' title='bbox 852 4066 1013 4138; x_wconf 87' lang='lat' dir='ltr'>accipiatur</span> <span class='ocrx_word' id='word_1_244' title='bbox 1035 4065 1112 4124; x_wconf 92' lang='lat' dir='ltr'>salus</span> <span class='ocrx_word' id='word_1_245' title='bbox 1134 4071 1263 4124; x_wconf 89' lang='lat' dir='ltr'>aeterna.</span> 
     </span>
    </p>
   </div>
   <div class='ocr_carea' id='block_1_5' title="bbox 268 4300 1454 4446">
    <p class='ocr_par' dir='ltr' id='par_1_5' title="bbox 268 4300 1454 4446">
     <span class='ocr_line' id='line_1_26' title="bbox 357 4300 1454 4373; baseline -0.008 -15"><span class='ocrx_word' id='word_1_246' title='bbox 357 4305 377 4373; x_wconf 85' lang='lat'>¹)</span> <span class='ocrx_word' id='word_1_247' title='bbox 401 4307 480 4358; x_wconf 78' lang='lat' dir='ltr'>Ualeri</span> <span class='ocrx_word' id='word_1_248' title='bbox 500 4306 567 4360; x_wconf 80' lang='lat' dir='ltr'>duas</span> <span class='ocrx_word' id='word_1_249' title='bbox 588 4306 673 4361; x_wconf 79' lang='lat' dir='ltr'>habet</span> <span class='ocrx_word' id='word_1_250' title='bbox 694 4304 756 4358; x_wconf 85' lang='lat' dir='ltr'>libri</span> <span class='ocrx_word' id='word_1_251' title='bbox 776 4302 957 4369; x_wconf 80' lang='lat' dir='ltr'>(Paulim‘rclrer</span> <span class='ocrx_word' id='word_1_252' title='bbox 974 4301 1139 4366; x_wconf 74' lang='lat' dir='ltr'>Lchrbeqrv&#39;ff)</span> <span class='ocrx_word' id='word_1_253' title='bbox 1159 4303 1265 4369; x_wconf 81' lang='lat' dir='ltr'>partes:</span> <span class='ocrx_word' id='word_1_254' title='bbox 1292 4300 1381 4354; x_wconf 78' lang='lat' dir='ltr'>LDr&#39;e</span> <span class='ocrx_word' id='word_1_255' title='bbox 1397 4318 1454 4350; x_wconf 83' lang='lat' dir='ltr'>vor·</span> 
     </span>
     <span class='ocr_line' id='line_1_27' title="bbox 268 4391 827 4446; baseline 0 -4"><span class='ocrx_word' id='word_1_256' title='bbox 268 4391 402 4443; x_wconf 77' lang='lat' dir='ltr'>christliche</span> <span class='ocrx_word' id='word_1_257' title='bbox 419 4393 480 4446; x_wconf 78' lang='lat' dir='ltr'>Zeia</span> <span class='ocrx_word' id='word_1_258' title='bbox 517 4394 553 4443; x_wconf 94' lang='lat' dir='ltr'>II.</span> <span class='ocrx_word' id='word_1_259' title='bbox 572 4394 629 4443; x_wconf 77' lang='lat' dir='ltr'>Dor</span> <span class='ocrx_word' id='word_1_260' title='bbox 648 4391 827 4442; x_wconf 74' lang='lat' dir='ltr'>Otrlsrenrlmn.</span> 
     </span>
    </p>
   </div>
   <div class='ocr_carea' id='block_1_6' title="bbox 0 0 1584 4990">
    <p class='ocr_par' dir='ltr' id='par_1_6' title="bbox 0 0 1584 4990">
     <span class='ocr_line' id='line_1_28' title="bbox 0 0 1584 4990; baseline 0 7"><span class='ocrx_word' id='word_1_261' title='bbox 0 0 1584 4990; x_wconf 95' lang='lat' dir='ltr'> </span> 
     </span>
    </p>
   </div>
  </div>
 </body>
</html>
