3160 4990
618 425 831 486 ...51-

138 599 167 652 et
190 594 250 652 sive
273 592 372 651 similis
393 592 516 653 hominis
538 591 661 652 infidelis
684 595 743 653 sive
765 593 872 652 infideli
892 595 974 667 pejor
990 591 1082 654 lactus
1098 599 1141 654 est
1155 597 1178 655 1.
1195 595 1266 657 Tim.
1283 597 1311 670 5,

139 699 166 755 8.
185 698 241 774 12;
265 699 292 767 6,
317 697 366 759 10.
382 697 437 771 21;
459 701 580 770 propter
600 702 749 770 peccatum
773 691 807 759 τὸ
824 691 919 778 ὄνομα
933 698 985 759 τοῦ
998 696 1073 760 beeri
1087 698 1312 781 βλασφημεῖται

138 800 159 857 1.
183 799 256 857 Tim.
280 801 308 873 6,
334 800 365 870 13
396 798 452 861 Tit.
478 799 504 872 1,
530 801 584 870 16;
616 801 644 875 2,
668 801 686 859 5
711 800 745 861 cf.
772 802 824 874 10,
854 817 920 860 nem
950 794 1034 862 κατὰ
1063 794 1120 874 τὰς
1146 797 1225 876 ἰδίας
1251 799 1312 864 ἐπι-

138 899 257 984 ἳῖυμίας
278 903 340 976 agit
361 902 386 960 is
409 902 456 976 qui
478 907 578 976 peccat
599 903 636 963 ΙΙ.
660 903 732 965 Tim.
755 904 784 975 4,
808 906 835 962 3.
880 901 1212 977 6661661666616616,
1235 905 1311 979 quod

139 1009 183 1064 est
212 998 379 1066 ἀπόδεκτον
405 998 525 1066 ἐνώπιον
550 1005 603 1067 τοῦ
628 1003 746 1068 26611.
770 1007 842 1066 Tim.
865 1007 893 1081 5,
916 1007 945 1066 4.
990 1005 1139 1081 Videmus,
1166 1009 1261 1066 omniu
1282 1009 1311 1066 in

139 1110 230 1167 Deum
260 1107 365 1167 referri
396 1109 471 1167 sicut
499 1109 528 1166 in
557 1109 701 1182 prioribus
731 1109 870 1184 epistolis.
915 1109 988 1182 Quin
1018 1109 1102 1169 horno
1134 1108 1226 1169 fidelis
1249 1111 1311 1184 ipse

138 1211 330 1286 pulcherrime
356 1211 460 1270 dicitur
488 1204 647 1295 ἄνῖῖρωπσς
674 1212 727 1274 τοῦ
753 1211 827 1275 teet
855 1214 877 1274 Ι.
901 1213 975 1272 Tim.
1000 1215 1027 1288 6,
1052 1214 1105 1292 113
1128 1213 1164 1273 11.
1187 1214 1260 1276 Tim.
1283 1216 1311 1288 3,

140 1314 197 1386 17,
220 1320 252 1372 ut
265 1313 452 1388 intelligatur,
475 1314 627 1390 perfidem
643 1332 707 1374 eum
722 1316 751 1374 in
767 1316 858 1374 solum
873 1315 964 1376 Deum
980 1333 1010 1375 se
1026 1319 1117 1376 totum
1133 1318 1310 1377 convertisse

138 1423 246 1477 etcum
261 1435 295 1477 6ο
312 1419 420 1476 661166
436 1435 508 1478 esse.
545 1420 607 1490 Qua
629 1436 661 1477 re
683 1420 769 1478 etiam
792 1419 827 1477 de
850 1419 911 1492 lege
935 1419 1018 1478 simili
1040 1420 1124 1478 modo
1148 1437 1204 1494 666
1226 1427 1312 1479 66166

137 1523 273 1581 scribitur
295 1521 316 1579 Ι.
339 1521 412 1581 Tim.
439 1523 466 1596 1,
489 1523 617 1595 5-11,
647 1520 683 1580 cf.
706 1522 739 1595 4,
763 1521 872 1592 3-5;
901 1522 956 1580 Tit.
983 1523 1009 1597 l,
1036 1521 1073 1580 14
1096 1539 1132 1598 s;
1162 1523 1193 1595 3,
1218 1523 1253 1596 9,
1280 1525 1312 1579 ut

137 1618 259 1706 ἐντολήν
275 1627 302 1697 6,
321 1626 360 1684 14
375 1625 503 1698 regulam
518 1624 587 1683 fidei
610 1624 797 1700 exhibendae,
819 1629 849 1683 et
862 1625 939 1684 bona
954 1641 1044 1698 opera
1064 1627 1092 1698 6,
1111 1626 1163 1696 18;
1185 1624 1221 1683 Il.
1238 1625 1310 1684 Tim.

139 1731 167 1802 2,
182 1729 220 1787 21
239 1744 328 1802 opera
344 1727 411 1786 fidei
427 1743 488 1786 esse
507 1729 576 1787 satis
592 1727 713 1800 eluceat,
731 1729 766 1787 cf.
777 1730 834 1788 Tit.
847 1731 874 1803 3,
890 1729 928 1787 14
940 1709 968 1786 61
979 1745 1044 1802 pag.
1058 1728 1106 1787 41.
1130 1727 1205 1800 Quin
1217 1728 1312 1787 ethice

140 1833 298 1891 christiana
327 1829 575 1890 excellentissimis
605 1837 727 1904 augetur
757 1832 999 1906 propositionibus
1025 1831 1048 1892 Ι.
1072 1832 1143 1892 Tim.
1167 1831 1199 1902 4,
1227 1831 1246 1889 4
1272 1849 1309 1890 a:

141 1935 199 1996 πᾶν
214 1931 330 2015 κτίσμα
343 1933 418 1996 {teob
432 1929 538 2010 καλόν,
563 1934 638 2008 6666
661 1935 775 2008 quidem
799 1928 878 2016 μετὰ
900 1927 1090 2016 εὐχαριστίας
1111 1935 1258 2007 accipitur,
1282 1939 1311 1993 61

141 2039 196 2100 Τ11.
222 2041 253 2112 1,
283 2038 334 2096 15:
362 2032 465 2122 πάντα
492 2032 622 2119 nubae&
647 2042 711 2111 τοῖς
736 2037 889 2120 καῖῖαμοῖς
911 2053 918 2068 ·
942 2042 1005 2112 ταῖς
1034 2033 1066 2099 δὲ
1096 2035 1337 2119 μεμιαμμένοις,

139 2135 193 2202 καὶ
215 2135 352 2214 ἀπίστοις
375 2136 455 2203 οὐδὲν
481 2137 630 2224 καῗαρόν.
673 2142 719 2200 Ex
746 2141 846 2216 quibus
873 2141 1115 2216 propositionibus
1140 2157 1197 2200 non
1219 2141 1311 2200 minus

139 2262 224 2320 quam
247 2262 282 2303 ex
304 2246 353 2304 illo
376 2245 451 2319 quod
475 2239 636 2326 ἅνῗςρωπσς
650 2245 702 2306 τοῦ
716 2244 790 2308 beot
806 2245 967 2320 appellatur
983 2243 1088 2321 fidelis,
1111 2243 1180 2302 mihi
1197 2242 1310 2318 quidem

138 2349 245 2408 Paulus
268 2350 413 2423 apostolus
436 2347 617 2422 apertissime
640 2350 755 2422 agnosci
778 2349 898 2422 videtur,
921 2353 953 2406 ut
975 2348 1102 2421 quamvis
1126 2349 1311 2419 senescentis,

139 2454 341 2526 tamenPuuli
363 2454 414 2512 has
437 2453 574 2527 epistolas
596 2468 659 2510 esse
682 2451 868 2512 libentissime
892 2450 1015 2513 credam.

701 2931 749 3011 V.

223 3073 255 3131 In
282 3067 383 3135 natis
411 3067 658 3152 apostolorum
688 3070 789 3131 eadem
816 3070 898 3130 Pauli
929 3070 965 3130 de
996 3070 1052 3131 fide
1090 3073 1235 3131 sententia
1269 3073 1311 3131 in-

137 3178 259 3235 uenitur.
305 3177 400 3234 Taceo
431 3177 466 3235 de
488 3177 569 3235 Luca
599 3177 691 3235 amico
713 3175 796 3233 Pauli
827 3179 857 3233 et
884 3175 1023 3248 discipulo
1046 3176 1094 3249 661
1116 3173 1197 3234 Ρ6611
1220 3177 1312 3234 66116-

139 3297 203 3340 nem
227 3279 296 3338 fidei
320 3281 350 3337 in
370 3275 446 3341 libro
469 3281 519 3338 illo
541 3279 694 3339 scribendo
718 3296 774 3338 non
796 3279 879 3353 sequi
901 3294 957 3337 non
979 3279 1116 3353 potuerit,
1143 3279 1178 3339 cf.
1202 3281 1249 3356 16,
1276 3281 1311 3356 83

144 3384 189 3455 14,
213 3384 261 3442 22.
286 3383 339 3456 27;
369 3383 415 3458 15,
439 3384 466 3445 5.
510 3383 640 3458 Longum
669 3387 713 3441 est
738 3381 774 3441 de
801 3399 836 3441 eo
864 3381 1014 3441 disserere.
1059 3381 1212 3442 Orationes
1244 3398 1312 3441 vero

139 3487 269 3546 aPaulo
298 3485 413 3545 habites
443 3487 485 3545 ita
514 3504 578 3547 eum
608 3485 763 3545 tradidisse
789 3485 944 3544 verisimile
966 3490 1025 3563 est,
1056 3490 1088 3544 ut
1110 3503 1181 3561 opus
1204 3487 1242 3545 sit
1264 3502 1312 3559 cas

139 3589 293 3664 inspicere.

224 3693 377 3753 Orationes
405 3693 435 3751 in
462 3694 554 3768 primo
581 3698 611 3752 61
637 3693 762 3753 secundo
790 3693 894 3752 itinere
921 3693 1037 3754 habitae
1064 3693 1224 3768 (te-18,
1257 3691 1311 3776 22)

140 3796 315 3870 respondent
346 3798 474 3870 epistolis
504 3813 576 3871 6666
607 3802 673 3855 6661
704 3797 742 3856 66
768 3796 1048 3858 Thessalonicenses.
1093 3795 1209 3871 Omnia,
1240 3814 1311 3871 6666

139 3900 245 3958 Paulus
268 3900 297 3957 in
320 3899 377 3959 illis
400 3902 539 3976 capitibus
567 3905 702 3959 narratur
731 3905 761 3959 61
786 3901 879 3974 egisse
906 3905 936 3959 et
961 3901 1071 3959 locutus
1099 3917 1177 3973 esse,
1206 3900 1312 3975 optime

139 4007 303 4076 congruunt
326 4021 388 4063 cum
411 4005 446 4062 iis
470 4021 545 4079 6666
567 4004 731 4078 perquisitis
754 4004 811 4062 illis
833 4004 961 4077 epistolis
983 4004 1150 4063 invenimus.
1196 4005 1240 4063 Ne
1262 4002 1313 4061 1116

140 4106 273 4182 quidem,
297 4124 369 4181 6666
392 4108 551 4182 66611615.
575 4107 611 4168 de
635 4112 757 4182 quatuor
779 4105 958 4182 1666661161)
980 4107 1157 4181 referuntur,
1183 4108 1217 4166 iis
1240 4123 1312 4182 6666

231 4326 250 4396 ¹)
270 4327 365 4380 diescit
369 4368 377 4394 ,
400 4329 588 4380 Altlcatdolrbede
606 4329 707 4393 Kircde,
727 4348 753 4396 p.
774 4327 826 4379 127
843 4346 891 4392 ss.,·
918 4325 1143 4393 BleeJc-Manpold,
1167 4327 1313 4392 Einlcitunp,

122 4443 125 4450 ι
142 4413 220 4480 1875,
234 4436 259 4486 p.
278 4413 332 4467 435
348 4435 367 4469 s.
399 4416 489 4482 Reuss,
509 4414 642 4466 Gescdr'cbte
659 4415 701 4465 der
719 4415 818 4480 leilipen
835 4413 958 4482 Schrillcn
975 4423 1017 4466 etc.
1036 4413 1115 4480 1874,
1127 4432 1153 4479 p.
1167 4411 1209 4468 57.

1075 4499 1109 4556 4*
