3160 4990
708 340 965 400 .-16-

261 514 425 571 nostrorum
446 515 526 569 recte
545 507 756 586 intelligantur.
801 508 923 584 Frigida
944 508 980 568 iis
1003 499 1079 569 solet
1102 526 1166 569 esse
1189 509 1268 568 notio
1286 509 1370 587 legis,
1395 509 1449 583 qui

262 614 317 673 sub
346 614 413 689 lege
443 631 502 672 999
533 612 662 690 fuerunt,
694 612 750 672 nisi
782 612 870 690 forte,
903 613 985 672 velut
1007 613 1173 690 Lutherus,
1192 612 1313 673 ludaeis
1336 612 1451 672 similes

262 723 314 776 aut
344 718 381 777 ab
412 717 476 777 aliis
499 718 553 776 sub
584 717 680 791 legem
711 715 791 776 ducti
813 720 881 776 sunt
903 720 954 775 aut
976 715 1056 792 ipsos
1079 735 1111 776 se
1134 716 1161 775 ei
1184 711 1451 798 subjunxerunt1)
1558 707 1559 714 '

263 821 336 881 Sunt
358 821 475 895 quidem
506 819 578 880 certi
601 819 718 894 quidam
751 819 821 897 loci,
847 820 952 894 quibus
975 821 1125 896 apostolus
1149 820 1208 879 alia
1230 820 1305 896 legis
1328 820 1453 879 notione

262 925 380 984 videtur
409 924 465 1003 uti,
496 923 539 983 ita
569 942 654 1001 vero,
685 927 718 982 ut
748 929 903 1001 appareat,
922 937 1030 983 'vocem
1052 912 1127 999 legis
1149 923 1191 982 ibi
1208 921 1301 995 'seusu
1323 902 1451 1000 tropico,

262 1047 321 1087 non
353 1027 486 1106 proprio,
520 1026 667 1104 adhiberi,
699 1032 732 1086 ut
760 1027 796 1086 iis
819 1026 890 1102 ipsis
913 1027 985 1087 loeis
1009 1011 1208 1105 confirmetur,
1233 1045 1334 1088 vocem
1356 1021 1453 1108 Ινόμού

263 1131 341 1208 apud
363 1133 487 1191 Paulum
511 1149 596 1190 sensu
612 1129 731 1206 proprio
747 1130 894 1191 notionem
911 1135 1076 1190 concretam
1092 1129 1167 1206 legis
1178 1131 1342 1217 1Μ9991999,
1359 1147 1453 1190 99999

262 1235 375 1311 tropico
398 1235 600 1295 tantummodo
624 1234 747 1293 aliorum
770 1233 966 1308 quorumlibet
989 1229 1213 1294 constitutorum
1236 1225 1284 1294 vel
1306 1233 1380 1309 legis
1396 1235 1451 1292 ab·

263 1343 391 1398 straetae
423 1338 571 1399 notionem
601 1338 720 1412 habere.
767 1338 824 1397 Sed
854 1337 966 1413 negligi
997 1355 1055 1398 non
1086 1338 1187 1415 debet,
1202 1341 1330 1413 ‘praeter
1352 1337 1452 1412 legem

240 1441 422 1501 *Mosaicam
451 1442 569 1500 mullam
600 1441 688 1500 aliam
718 1443 813 1516 legem
843 1441 873 1500 in
903 1441 1046 1516 religione
1074 1440 1192 1517 'respici'
1205 1441 1350 1517 potuisse;
1380 1439 1452 1499 inde

264 1545 372 1604 factum
403 1549 460 1623 est,
492 1550 524 1604 ut
554 1546 620 1620 lege
642 1543 773 1604 Mosaica
803 1546 923 1605 exclusa
946 1563 1046 1605 omnes
1069 1545 1144 1605 aliae
1166 1546 1261 1623 leges,
1287 1539 1362 1619 quae
1392 1543 1453 1602 for-

264 1653 344 1708 tasse
366 1648 491 1724 proferri
513 1652 651 1726 possunt,
677 1649 814 1708 exclusae
837 1649 905 1708 sint.
992 1715 997 1728 ,

349 1753 395 1811 De
417 1753 473 1812 hac
495 1753 560 1828 lege
584 1751 694 1828 duplici
717 1753 802 1813 modo
825 1751 935 1812 scribit.
981 1750 1121 1824 Queritur
1149 1752 1242 1828 primo
1271 1752 1306 1810 de
1330 1746 1442 1833 deols(¹

265 1854 339 1930 legis
363 1855 428 1916 Gal.
452 1857 485 1929 43
520 1857 548 1933 5,
576 1859 606 1925 1;
639 1855 780 1934 explicat,
812 1875 876 1916 eam
907 1857 998 1915 multo
1028 1860 1096 1932 post
1127 1851 1309 1938 ἐπαγγελίαν
1332 1854 1451 1914 venisse

267 1955 453 2042 (upeeers'bu
484 1961 513 2038 3,
547 1955 600 2041 19)
631 1978 725 2034 neque
757 1977 821 2019 eam
850 1978 937 2036 posse
969 1954 1095 2042 ἀκυροῦν
1125 1960 1188 2021 Gal.
1221 1961 1249 2036 3,
1284 1959 1322 2017 17
1338 1976 1389 2035 ss,
1412 1958 1454 2016 ad

266 2068 402 2143 στοιχεῖα
439 2064 492 2125 τοῦ
522 2058 637 2145 κόσμου
662 2064 848 2141 adnumerat,
874 2083 938 2123 eum
961 2063 1044 2139 Agar
1065 2082 1152 2123 serva
1176 2066 1339 2139 comparat,
1364 2078 1452 2136 quam

267 2164 406 2244 ἐκβαλεῖν
428 2171 563 2243 oporteat
586 2167 651 2226 Gal.
675 2167 708 2239 43
738 2187 769 2226 se
793 2171 822 2226 et
853 2167 926 2226 alios
949 2168 1099 2243 apostolos
1122 2185 1187 2226 eam
1211 2165 1393 2242 dissolvisse,
1418 2182 1451 2232 se

265 2269 360 2346 ipsum
385 2276 463 2329 certe
487 2269 514 2329 ei
536 2273 680 2328 mortuum
696 2287 760 2330 esse
777 2270 842 2330 Gal.
860 2272 888 2347 2,
913 2270 949 2329 of.
966 2271 1050 2330 Rom.
1068 2272 1097 2328 3.
1114 2271 1143 2329 4.
1162 2273 1196 2341 6;
1216 2271 1242 2328 Ἰ.
1260 2269 1325 2330 Cor.
1342 2271 1371 2345 9,
1393 2269 1432 2328 20
1443 2287 1461 2361 ;Ι

265 2374 304 2432 ΙΙ.
328 2373 392 2433 Cor.
416 2376 446 2432 3.
491 2372 577 2432 Talia
599 2374 677 2449 apud
700 2392 765 2433 cum
787 2374 955 2449 legentibus
977 2375 1008 2432 in
1030 2373 1170 2433 memoria
1184 2373 1268 2432 uobis
1291 2372 1446 2432 tenendum

267 2482 324 2554 est,
361 2495 425 2536 eum
458 2465 630 2553 impugnare
666 2477 829 2536 doctrinam
860 2477 1056 2554 pharisaicam
1088 2473 1212 2554 eorum,
1235 2475 1284 2550 qui
1318 2495 1354 2535 ex
1383 2476 1446 2548 lege

267 2581 407 2640 volebant
429 2579 594 2640 hominibus
610 2581 717 2640 exoriri
732 2581 888 2657 justitiam.
933 2583 998 2640 Hoc
1020 2585 1123 2658 negat,
1148 2599 1208 2641 nou
1222 2579 1339 2639 omnino
1354 2579 1449 2654 legem

267 2683 355 2762 tollit,
391 2686 473 2744 Rom.
498 2685 526 2761 3,
552 2686 607 2763 31,
642 2685 694 2744 sed
729 2700 793 2744 eam
827 2703 913 2760 quam
946 2684 1109 2744 adversarii
1143 2681 1174 2743 ei'
1199 2675 1369 2742 tribuebant
1391 2676 1451 2740 uim

267 2786 455 2863 praebendae
481 2787 615 2865 justitiae
645 2794 675 2848 et
703 2792 880 2864 potestatem
911 2787 1075 2864 imperandi
1114 2781 1279 2848 hominibus
1311 2790 1451 2859 tauquam

268 2890 370 2950 servis
415 2890 489 2966 Legi
520 2891 563 2950 illi
592 2891 733 2951 vivebant
762 2893 844 2951 velut
873 2893 937 2951 Deo
970 2893 1034 2952 Gal.
1067 2893 1096 2970 2,
1130 2893 1182 2970 19,
1213 2891 1242 2950 in
1270 2892 1366 2965 legem
1389 2892 1453 2976 tota

269 3012 368 3054 eorum
391 2996 527 3054 voluntas
550 3014 581 3055 se
605 2995 751 3070 dirigebat
773 2987 829 3056 ὑπὸ
853 2990 942 3076 νόμον
956 2990 1109 3059 baldasar
1134 2985 1208 3056 εἶναι
1224 2999 1253 3072 4,
1271 2995 1328 3066 21;
1355 3009 1453 3067 quam·

269 3115 355 3172 quam
377 3097 434 3174 ipsi
457 3114 520 3158 eam
543 3116 601 3159 non
622 3098 784 3174 implebant
807 3100 903 3176 6,13,
927 3103 1025 3158 tamen
1040 3103 1195 3173 tantopere
1211 3114 1275 3156 eam
1291 3097 1451 3156 efferebant

268 3208 301 3260 ut
323 3200 469 3260 Christum
491 3203 605 3262 uellent
628 3219 789 3277 agnoscere
805 3205 834 3260 et
850 3219 921 3260 crux
938 3203 1000 3278 ejus
1017 3185 1188 3265 σκάνδαλον
1203 3199 1238 3260 iis
1253 3197 1332 3260 'esset
1348 3200 1377 3276 5,
1397 3187 1450 3268 113

268 3306 351 3363 Rom.
376 3306 404 3381 9,
429 3306 483 3365 32.’
525 3306 628 3378 Itaque
659 3302 890 3387 εἰδωλολατρεία
919 3289 1063 3380 quaedam
1096 3305 1200 3381 legalis
1223 3304 1300 3364 inter
1322 3301 1453 3362 Judaeos

269 3412 345 3485 erat,
363 3412 450 3482 atque
479 3409 515 3468 ab
532 3408 566 3467 iis
583 3408 723 3468 ecclesias
740 3408 914 3469 christianas
930 3409 1104 3486 invadebat,
1120 3413 1152 3468 ut
1167 3402 1201 3469 τὸ
1218 3403 1455 3488 περιτέμνεσὶῑαι

269 3528 316 3570 res
348 3510 538 3571 confessionis
568 3511 666 3585 fieret3
705 3511 729 3570 si
758 3512 834 3571 euim
864 3512 968 3586 aliquis
1000 3512 1275 3587 circumcidebatur,
1307 3499 1453 3568 Christum

270 3615 362 3673 solum
382 3615 495 3690 justum
524 3632 555 3674 se
578 3632 636 3673 999
659 3615 796 3693 reddere,
821 3616 873 3676 sed
897 3616 984 3676 etiam
1007 3617 1073 3692 lege
1084 3605 1162 3690 'opus
1178 3633 1242 3673 esse
1258 3611 1455 3671 confitebatur

271 3717 335 3776 Gal.
361 3719 388 3795 2,
414 3718 468 3796 21,
493 3720 680 3792 quamobrem
707 3720 817 3779 Paulus
834 3720 861 3797 5,
880 3722 898 3781 2
915 3719 1061 3779 Christum
1077 3718 1112 3778 iis
1128 3718 1200 3776 nihil
1216 3715 1287 3776 dicit
1302 3715 1452 3792 prodesse,

271 3820 320 3894 qui
342 3821 597 3881 circumcidantur.
643 3824 737 3882 Deum
761 3805 943 3882 verounum
967 3841 1030 3882 9999
1054 3828 1082 3900 3,
1108 3823 1162 3900 20,
1190 3820 1252 3880 lieri
1275 3835 1334 3877 uon
1357 3835 1454 3894 posse,

362 4007 382 4077 ¹)
400 4006 494 4064 Liceat
513 4007 611 4062 afferre
630 4008 800 4063 enuntiatum
811 4008 958 4076 Hamanni,
978 4009 1050 4075 qued
1063 4005 1164 4074 legitur
1175 4007 1203 4061 in
1217 4005 1360 4056 Deluzscl'ii
1372 3993 1472 4069 „Saat'

270 4093 323 4161 eof
337 4097 488 4160 Ηοψιιιηρ,α
508 4093 585 4159 1874,
600 4114 628 4160 p.
648 4093 719 4148 209:
740 4096 811 4160 „Da
829 4095 938 4160 Spraclre
955 4113 987 4144 aa
1006 4095 1049 4144 den
1068 4096 1169 4160 heiliyeo
1182 4095 1275 4144 Stridon
1288 4091 1333 4141 der
1349 4091 1456 4140 Christro

272 4180 335 4231 werd
351 4182 430 4231 immer
447 4181 586 4244 verrutleu,
605 4182 664 4230 durs
682 4181 714 4231 sie
733 4182 868 4231 beidaisehc
886 4181 980 4246 Zwer'qe
998 4181 1067 4246 sind,
1084 4199 1157 4247 99999
1181 4181 1219 4230 die
1232 4173 1315 4229 Natur
1332 4181 1384 4244 bus
1391 4180 1457 4228 einen

269 4267 396 4333 jddr'seleu
418 4267 500 4332 Zweiq
522 4270 664 4334 pepsropst,·
684 4270 712 4333 je
735 4268 881 4317 erbaulicher
914 4267 957 4316 der
979 4267 1076 4318 Redner
1098 4269 1148 4318 rein
1166 4267 1238 4331 wird,
1260 4268 1289 4332 jc
1307 4261 1459 4315 9919999

271 4373 316 4404 uus
332 4355 382 4405 seia
398 4354 553 4420 qalilc'r'r'sclar
572 4350 720 4404 Sclibboletl
739 4355 763 4404 ia
781 4354 819 4404 die
839 4353 1040 4420 Ohreajallea.“
1273 4343 1276 4352 ’
