3160 4990
757 389 969 450 ..12-

272 547 334 622 ipse
364 556 410 610 est
435 554 511 612 actio
534 555 675 628 quaedam
698 573 750 630 per
776 559 894 631 longum
916 563 1028 633 tempus
1057 559 1237 633 continuata,
1268 537 1457 633 intelligetur,

272 651 379 712 fidem
410 658 545 716 omnino
574 676 652 718 esse
680 661 860 720 actionem
892 661 1064 736 quandam
1095 661 1287 739 hominis1)
1316 664 1357 722 ab
1388 681 1458 720 nno

271 759 445 831 temporis
473 767 651 822 momento
681 763 913 838 incipientem
944 770 978 824 et
1006 782 1067 839 per
1099 771 1207 826 totam
1236 744 1344 824 uitam
1373 784 1458 840 per·

271 867 425 935 gentem,
448 879 518 937 qua
540 866 606 923 Dei
628 868 781 940 gratiam
803 869 837 926 in
859 868 944 928 Jesu
960 867 1101 928 Christo
1125 869 1280 927 oblatam
1304 875 1459 928 assumat

272 969 305 1022 et
335 965 369 1022 in
398 965 502 1024 Deum
534 969 649 1026 solum
680 986 715 1028 se
742 975 855 1030 totum
887 971 1039 1044 dirigat,
1075 989 1139 1030 non
1172 989 1212 1030 ex
1240 975 1315 1031 suis
1346 973 1459 1046 ipsius

271 1067 422 1140 viribus,
454 1069 515 1129 sed
546 1070 705 1146 Spiritus
736 1073 874 1136 Sancti.
919 1074 1073 1132 Assumero
1101 1075 1176 1132 enim
1205 1079 1235 1132 et
1257 1077 1287 1132 in
1310 1075 1400 1152 Deum
1425 1093 1458 1133 so

274 1170 403 1244 dirigere
426 1188 482 1232 uno
506 1175 642 1247 temporis
665 1182 809 1236 momento
832 1177 880 1249 fit,
911 1176 963 1235 sed
991 1183 1093 1251 postea
1120 1177 1150 1236 id
1177 1178 1253 1252 quod
1282 1183 1460 1252 assumptum

273 1278 316 1332 est
339 1275 463 1334 tenendo
485 1294 600 1352 semper
622 1279 714 1338 denuo
737 1281 900 1352 assumitur,
929 1284 959 1340 et
981 1281 1005 1338 is
1027 1281 1058 1338 in
1081 1299 1164 1355 quem
1187 1299 1217 1340 sc
1242 1281 1347 1340 direxit
1369 1282 1457 1342 homo

273 1393 357 1456 quum
380 1395 437 1437 non
459 1379 585 1442 declinet
608 1397 721 1457 semper
742 1384 768 1442 is
790 1389 835 1442 est
856 1385 886 1442 in
909 1401 992 1462 quem
1015 1401 1045 1446 se
1070 1385 1162 1446 denuo
1186 1384 1293 1459 dirigit.

760 1641 963 1656 m

840 1866 889 1949 ll.

360 2005 492 2066 Secundo
515 2008 676 2083 quaeritur,
707 2025 774 2067 num
798 2009 827 2066 in
851 2010 980 2084 epistolis
1003 2010 1040 2068 ad
1063 2003 1211 2073 Galatas
1243 2003 1455 2072 Corinthios

273 2106 450 2174 Romanos
474 2111 588 2184 scriptis
615 2111 702 2170 rebus
732 2113 966 2186 temporibusque
995 2115 1111 2171 mutatis
1138 2113 1217 2170 notio
1245 2111 1312 2170 fidei
1334 2111 1458 2170 Paulina

248 2295 249 2300 η
273 2213 399 2273 tortasse
422 2217 587 2286 permutata
609 2219 659 2272 aut
681 2215 765 2287 plane
788 2216 845 2273 alia
859 2214 938 2274 laeta
953 2217 997 2274 sit.
1036 2217 1173 2288 Quamvis
1196 2217 1272 2274 enirn
1287 2215 1365 2288 qnod
1378 2215 1457 2272 inter

271 2318 323 2376 has
347 2322 376 2375 et
396 2318 462 2376 illas
485 2317 623 2391 epistolas
645 2319 768 2376 interest
790 2319 973 2377 intervallum
996 2320 1082 2376 trium
1106 2318 1150 2376 vel
1173 2319 1297 2392 quinque
1314 2334 1457 2377 annorum

272 2438 329 2480 non
352 2437 485 2493 magnum
509 2420 640 2478 videatur
664 2438 742 2493 esse,
772 2427 868 2480 tamen
891 2422 973 2479 rixae
997 2428 1079 2480 ortae
1106 2427 1172 2479 sunt
1194 2422 1335 2479 maximae
1358 2426 1387 2480 ct
1408 2437 1455 2479 ve-

272 2524 512 2596 henientissimae,
536 2523 637 2597 quibus
653 2523 774 2583 fortasse
790 2524 896 2582 Paulus
913 2529 1070 2582 commotus
1086 2523 1232 2582 notionem
1246 2522 1314 2583 fidei
1330 2539 1456 2582 commu·

272 2627 353 2686 tavit.
399 2626 492 2699 Quid?
536 2628 665 2708 Rectene
689 2628 833 2698 judicant,
865 2628 913 2700 qui
940 2626 1060 2685 Paulum
1092 2627 1157 2684 illas
1187 2627 1324 2700 epistolas
1355 2627 1458 2686 nolunt

272 2731 443 2805 scripsisse?

359 2834 481 2892 Multum
511 2851 579 2893 sane
602 2836 726 2893 interest
752 2836 830 2892 inter
852 2833 925 2892 haec
947 2833 1004 2891 duo
1026 2849 1135 2906 genera
1157 2834 1351 2906 epistolarum,
1379 2832 1459 2904 quod

273 2937 309 2995 ad
333 2937 483 3018 eonsilium
506 2938 619 3009 attinet,
642 2954 697 3010 quo
720 2939 846 3010 scriptae
869 2940 935 2994 sunt
958 2937 1105 3010 epistolae.
1138 2936 1203 2995 Illic
1224 2938 1249 2994 is
1272 2937 1319 3010 qui
1340 2937 1460 3009 scripsit

274 3039 580 3100 Thessalonicensibus
603 3039 638 3098 de
663 3041 721 3097 vita
743 3040 974 3112 christianorum,
1005 3040 1039 3098 dc
1068 3038 1125 3097 fide
1148 3045 1177 3098 ct
1199 3057 1250 3112 spe
1273 3043 1304 3098 et
1325 3039 1459 3113 caritate,

274 3143 395 3218 denique
418 3144 456 3202 de
477 3143 533 3203 fide
556 3143 708 3218 probanda
730 3144 844 3215 regulas
867 3143 1006 3216 quasdam
1034 3144 1132 3217 mittit,
1161 3144 1209 3200 hic
1233 3142 1267 3202 de
1291 3141 1347 3202 tide
1370 3143 1461 3216 longa

274 3247 454 3320 expositione
478 3247 639 3321 dogmatice
662 3247 832 3320 disputatur.
871 3246 928 3306 Sed
943 3247 1063 3304 Paulum
1086 3263 1143 3304 non
1158 3247 1284 3318 potuisse
1307 3245 1356 3303 illo
1372 3245 1460 3304 modo

242 3404 244 3408 ,
272 3351 416 3410 interdum
432 3343 569 3428 scribere,
585 3369 620 3410 ex
632 3365 696 3408 mea
705 3350 841 3424 opinione
855 3350 1073 3422 dijudicantium
1085 3366 1165 3408 more
1180 3367 1289 3422 negare
1304 3365 1363 3407 non
1378 3351 1460 3411 licet.

362 3536 380 3604 ¹)
399 3537 567 3604 Liceatjam
586 3528 715 3589 hocloco
739 3534 883 3589 nonnullos
906 3534 1005 3588 afferre
1028 3541 1120 3588 testes.
1161 3533 1238 3584 Weiss
1257 3533 1285 3599 (l.
1305 3550 1326 3586 c.
1350 3551 1376 3602 p.
1396 3534 1460 3599 212)

274 3623 308 3678 de
326 3621 612 3677 Thessalonicensibus
630 3621 751 3689 epistolis
769 3620 890 3674 scribens
908 3619 986 3672 dicit:
1017 3621 1120 3684 „Doto
1137 3620 1201 3669 tane
1220 3621 1262 3670 der
1284 3618 1373 3670 Glande
1395 3622 1461 3670 auch

274 3711 399 3760 hetruchtct
422 3711 514 3760 werden
536 3711 575 3759 als
597 3709 635 3758 die
657 3719 716 3757 crete
742 3709 791 3757 und
813 3707 995 3770 nothweodz'pstc
1013 3707 1154 3770 ch'stunp.“
1189 3705 1274 3758 Simili
1297 3703 1383 3772 modo,
1403 3721 1461 3772 quo

275 3813 324 3865 ego
344 3795 440 3865 scripsi
467 3793 500 3848 dc
524 3794 630 3848 actione
650 3792 789 3861 credendi,
817 3793 918 3842 chkler
936 3791 977 3845 De
1001 3791 1028 3843 vi
1050 3807 1081 3844 ac
1104 3790 1216 3844 notione
1239 3790 1363 3844 vocabuli
1387 3790 1463 3853 ἐλπίς

275 3883 381 3951 (Gissac
400 3880 486 3949 1856),
505 3899 530 3950 p.
550 3880 583 3934 25
602 3880 634 3934 cf.
652 3880 687 3933 88
705 3896 725 3933 s.
744 3877 874 3933 describit
896 3877 1020 3946 „actum“
1039 3876 1175 3946 sperandi,
1200 3876 1368 3944 spiritualem
1387 3875 1463 3930 scili-

274 3972 326 4024 cet.
363 3967 410 4036 Cf,
430 3966 563 4036 quomodo
582 3967 704 4017 Larlordt
722 3983 745 4018 v.
765 3967 789 4018 d.
808 3966 836 4018 in
855 3965 1043 4018 dissertatione
1067 3964 1110 4016 cui
1127 3961 1295 4018 inscribitur:
1324 3962 1395 4030 ἔργον
1412 3967 1461 4016 τοῦ

274 4039 334 4110 hemi
353 4054 408 4107 und
426 4055 509 4116 πίστις
530 4053 624 4118 (Theoi.
644 4052 714 4104 Stud.
734 4071 756 4105 u.
775 4053 840 4102 Krtr.
861 4050 938 4115 1852,
953 4069 980 4116 p.
995 4048 1053 4099 333
1065 4052 1107 4115 ss)
1129 4056 1156 4102 et
1174 4049 1202 4102 in
1221 4048 1410 4102 commentario
1423 4047 1462 4102 de

276 4141 417 4210 cvangelio
441 4140 562 4208 Joannis,
586 4139 627 4193 ed.
646 4139 689 4208 ΙΙ,
712 4145 776 4193 tom.
796 4139 825 4206 1,
844 4155 870 4206 p.
888 4137 939 4190 495
958 4154 979 4190 s.
1005 4153 1039 4191 ex
1058 4135 1173 4204 Joanne,
1191 4133 1353 4203 praesertim
1372 4133 1396 4201 6,
1415 4135 1462 4203 29,

276 4227 388 4283 eandem
415 4227 536 4296 explicet
561 4225 625 4281 fidei
655 4227 804 4279 notionem:
839 4225 903 4292 „dos
934 4225 987 4273 dem
1019 4223 1147 4289 pdttlz'clrcn
1172 4221 1378 4271 Jirebesuerhulten
1408 4232 1464 4271 ent-

274 4315 416 4381 aprechcnde
441 4315 645 4366 Lichcsvorhulten
671 4314 713 4364 des
737 4313 894 4375 ,Menscbcn“,
923 4311 993 4365 sicut
1016 4309 1097 4364 etiam
1120 4309 1203 4375 Meyer
1226 4307 1261 4361 ad
1279 4308 1303 4375 6,
1319 4308 1362 4360 29:
1393 4308 1464 4371 „das

280 4401 353 4452 Werk
373 4402 421 4466 (dic
439 4402 540 4454 sittlichc
562 4401 634 4468 Tiar)
656 4400 697 4451 dec
718 4397 862 4452 Glouhcns.“
898 4396 937 4450 Of.
957 4395 1096 4450 Calvinum
1115 4394 1150 4449 ad
1168 4394 1201 4448 ll.
1216 4394 1311 4449 Thess.
1325 4394 1348 4461 1,
1362 4392 1403 4446 ll.
